  <div class='ocr_page' id='page_1' title='image "/cluster/home/n/w/nwhite01/storage/ocr_20150623/16:3/hvd.32044019207687/330.png"; bbox 0 0 4002 6540; ppageno 0'>
   <div class='ocr_carea' id='block_1_1' title="bbox 168 456 404 519">
    <p class='ocr_par' dir='ltr' id='par_1_1' title="bbox 168 456 404 519">
     <span class='ocr_line' id='line_1_1' title="bbox 168 456 404 519; baseline -0.025 0"><span class='ocrx_word' id='word_1_1' title='bbox 168 463 302 519; x_wconf 75' lang='lat'><strong>3007</strong></span> <span class='ocrx_word' id='word_1_2' title='bbox 325 456 404 515; x_wconf 73' lang='lat' dir='ltr'><strong>bis</strong></span> 
     </span>
    </p>
   </div>
   <div class='ocr_carea' id='block_1_2' title="bbox 170 581 1322 669">
    <p class='ocr_par' dir='ltr' id='par_1_2' title="bbox 170 581 1322 669">
     <span class='ocr_line' id='line_1_2' title="bbox 170 581 1322 669; baseline 0.009 -36"><span class='ocrx_word' id='word_1_3' title='bbox 170 582 367 669; x_wconf 49' lang='grc' dir='ltr'><strong>αὐξῆςᾶ</strong></span> <span class='ocrx_word' id='word_1_4' title='bbox 397 581 471 669; x_wconf 45' lang='lat' dir='ltr'><strong>AL,</strong></span> <span class='ocrx_word' id='word_1_5' title='bbox 498 582 884 669; x_wconf 59' lang='grc' dir='ltr'><strong>ὲξανρρίξωσις</strong></span> <span class='ocrx_word' id='word_1_6' title='bbox 908 585 1322 669; x_wconf 41' lang='grc' dir='ltr'><strong>αξτῆςηυιυοῐι.</strong></span> 
     </span>
    </p>
   </div>
   <div class='ocr_carea' id='block_1_3' title="bbox 246 650 1323 717">
    <p class='ocr_par' dir='ltr' id='par_1_3' title="bbox 246 650 1323 717">
     <span class='ocr_line' id='line_1_3' title="bbox 246 650 1323 717; baseline 0.013 -18"><span class='ocrx_word' id='word_1_7' title='bbox 246 650 308 704; x_wconf 75' lang='lat' dir='ltr'><strong>V.</strong></span> <span class='ocrx_word' id='word_1_8' title='bbox 333 652 387 705; x_wconf 91' lang='lat'><strong>8.</strong></span> <span class='ocrx_word' id='word_1_9' title='bbox 418 654 503 717; x_wconf 88' lang='lat'><strong>2.,</strong></span> <span class='ocrx_word' id='word_1_10' title='bbox 544 650 769 708; x_wconf 73' lang='grc' dir='ltr'>κωλύων</span> <span class='ocrx_word' id='word_1_11' title='bbox 795 667 899 711; x_wconf 90' lang='lat' dir='ltr'><strong>etc.</strong></span> <span class='ocrx_word' id='word_1_12' title='bbox 928 650 1323 713; x_wconf 71' lang='lat' dir='ltr'><strong>Tlteoiloretus.</strong></span> 
     </span>
    </p>
   </div>
   <div class='ocr_carea' id='block_1_4' title="bbox 241 718 1747 795">
    <p class='ocr_par' dir='ltr' id='par_1_4' title="bbox 241 718 1747 795">
     <span class='ocr_line' id='line_1_4' title="bbox 241 718 1747 795; baseline 0.005 -21"><span class='ocrx_word' id='word_1_13' title='bbox 241 718 306 795; x_wconf 62' lang='grc' dir='ltr'><strong>Υ.</strong></span> <span class='ocrx_word' id='word_1_14' title='bbox 340 722 411 795; x_wconf 60' lang='lat'><strong>9.</strong></span> <span class='ocrx_word' id='word_1_15' title='bbox 450 723 550 795; x_wconf 62' lang='grc' dir='ltr'><strong>ξΑη</strong></span> <span class='ocrx_word' id='word_1_16' title='bbox 582 726 947 795; x_wconf 16' lang='grc' dir='ltr'>αὑτὸςίπραῢς</span> <span class='ocrx_word' id='word_1_17' title='bbox 978 735 1083 781; x_wconf 87' lang='lat' dir='ltr'><strong>etc.</strong></span> <span class='ocrx_word' id='word_1_18' title='bbox 1127 727 1236 781; x_wconf 88' lang='lat' dir='ltr'><strong>Has</strong></span> <span class='ocrx_word' id='word_1_19' title='bbox 1265 742 1456 781; x_wconf 84' lang='lat' dir='ltr'><strong>omnes</strong></span> <span class='ocrx_word' id='word_1_20' title='bbox 1488 726 1747 782; x_wconf 80' lang='lat' dir='ltr'><strong>lectiones</strong></span> 
     </span>
    </p>
   </div>
   <div class='ocr_carea' id='block_1_5' title="bbox 171 788 1074 859">
    <p class='ocr_par' dir='ltr' id='par_1_5' title="bbox 171 788 1074 859">
     <span class='ocr_line' id='line_1_5' title="bbox 171 788 1074 859; baseline 0.008 -16"><span class='ocrx_word' id='word_1_21' title='bbox 171 788 350 859; x_wconf 66' lang='lat' dir='ltr'><strong>adfert</strong></span> <span class='ocrx_word' id='word_1_22' title='bbox 376 793 636 859; x_wconf 75' lang='lat' dir='ltr'><strong>Origenes</strong></span> <span class='ocrx_word' id='word_1_23' title='bbox 666 794 719 847; x_wconf 92' lang='lat' dir='ltr'><strong>iu</strong></span> <span class='ocrx_word' id='word_1_24' title='bbox 742 788 1074 850; x_wconf 65' lang='lat' dir='ltr'><strong>Mzittllazum.</strong></span> 
     </span>
    </p>
   </div>
   <div class='ocr_carea' id='block_1_6' title="bbox 248 857 1745 935">
    <p class='ocr_par' dir='ltr' id='par_1_6' title="bbox 248 857 1745 935">
     <span class='ocr_line' id='line_1_6' title="bbox 248 857 1745 935; baseline 0.005 -24"><span class='ocrx_word' id='word_1_25' title='bbox 248 857 310 935; x_wconf 81' lang='lat' dir='ltr'><strong>V_.</strong></span> <span class='ocrx_word' id='word_1_26' title='bbox 346 864 428 915; x_wconf 88' lang='grc'><strong>10.</strong></span> <span class='ocrx_word' id='word_1_27' title='bbox 477 857 538 935; x_wconf 53' lang='grc' dir='ltr'><strong>ῖρ</strong></span> <span class='ocrx_word' id='word_1_28' title='bbox 572 864 858 935; x_wconf 67' lang='grc' dir='ltr'><strong>Ἐᾷραῖος,</strong></span> <span class='ocrx_word' id='word_1_29' title='bbox 902 866 997 919; x_wconf 84' lang='grc' dir='ltr'><strong>καὶ</strong></span> <span class='ocrx_word' id='word_1_30' title='bbox 1032 864 1139 935; x_wconf 69' lang='grc' dir='ltr'><strong>ἀπὸ</strong></span> <span class='ocrx_word' id='word_1_31' title='bbox 1173 865 1433 935; x_wconf 85' lang='grc' dir='ltr'>ποταμῶν</span> <span class='ocrx_word' id='word_1_32' title='bbox 1485 874 1592 920; x_wconf 88' lang='lat' dir='ltr'><strong>etc.</strong></span> <span class='ocrx_word' id='word_1_33' title='bbox 1637 865 1745 918; x_wconf 86' lang='lat' dir='ltr'><strong>Has</strong></span> 
     </span>
    </p>
   </div>
   <div class='ocr_carea' id='block_1_7' title="bbox 174 927 1740 1007">
    <p class='ocr_par' dir='ltr' id='par_1_7' title="bbox 174 927 1740 1007">
     <span class='ocr_line' id='line_1_7' title="bbox 174 927 1740 1007; baseline 0.004 -26"><span class='ocrx_word' id='word_1_34' title='bbox 174 927 437 987; x_wconf 75' lang='lat' dir='ltr'><strong>lectiones</strong></span> <span class='ocrx_word' id='word_1_35' title='bbox 462 930 613 987; x_wconf 60' lang='grc' dir='ltr'><strong>εὔει-ι</strong></span> <span class='ocrx_word' id='word_1_36' title='bbox 648 927 917 989; x_wconf 73' lang='lat' dir='ltr'><strong>Eusebius</strong></span> <span class='ocrx_word' id='word_1_37' title='bbox 961 936 1012 988; x_wconf 91' lang='lat' dir='ltr'><strong>in</strong></span> <span class='ocrx_word' id='word_1_38' title='bbox 1061 927 1369 990; x_wconf 69' lang='lat' dir='ltr'><strong>Demonstr.</strong></span> <span class='ocrx_word' id='word_1_39' title='bbox 1395 950 1590 1007; x_wconf 82' lang='lat' dir='ltr'><strong>evang.</strong></span> <span class='ocrx_word' id='word_1_40' title='bbox 1620 951 1740 1005; x_wconf 83' lang='lat' dir='ltr'><strong>pag.</strong></span> 
     </span>
    </p>
   </div>
   <div class='ocr_carea' id='block_1_8' title="bbox 1407 466 2173 527">
    <p class='ocr_par' dir='ltr' id='par_1_8' title="bbox 1407 466 2173 527">
     <span class='ocr_line' id='line_1_8' title="bbox 1407 466 2173 527; baseline -0.007 -3"><span class='ocrx_word' id='word_1_41' title='bbox 1407 470 1779 527; x_wconf 70' lang='grc' dir='ltr'><strong>ΖΑΟΙΙΑΙὶΙιΕ</strong></span> <span class='ocrx_word' id='word_1_42' title='bbox 1817 467 2042 525; x_wconf 76' lang='lat' dir='ltr'><strong>CAPUT</strong></span> <span class='ocrx_word' id='word_1_43' title='bbox 2086 466 2173 521; x_wconf 81' lang='lat' dir='ltr'><strong>XI.</strong></span> 
     </span>
    </p>
   </div>
   <div class='ocr_carea' id='block_1_9' title="bbox 1771 1061 1841 1077">
    <p class='ocr_par' dir='ltr' id='par_1_9' title="bbox 1771 1061 1841 1077">
     <span class='ocr_line' id='line_1_9' title="bbox 1771 1061 1841 1077; baseline 0 0"><span class='ocrx_word' id='word_1_44' title='bbox 1771 1061 1841 1077; x_wconf 72' lang='lat'><strong><em>_</em></strong></span> 
     </span>
    </p>
   </div>
   <div class='ocr_carea' id='block_1_10' title="bbox 3187 452 3419 512">
    <p class='ocr_par' dir='ltr' id='par_1_10' title="bbox 3187 452 3419 512">
     <span class='ocr_line' id='line_1_10' title="bbox 3187 452 3419 512; baseline 0.013 -3"><span class='ocrx_word' id='word_1_45' title='bbox 3187 452 3325 510; x_wconf 79' lang='lat'><strong>5008</strong></span> <span class='ocrx_word' id='word_1_46' title='bbox 3346 458 3419 512; x_wconf 68' lang='lat' dir='ltr'><strong>bis</strong></span> 
     </span>
    </p>
   </div>
   <div class='ocr_carea' id='block_1_11' title="bbox 1855 580 3423 654">
    <p class='ocr_par' dir='ltr' id='par_1_11' title="bbox 1855 580 3423 654">
     <span class='ocr_line' id='line_1_11' title="bbox 1855 580 3423 654; baseline -0.003 -14"><span class='ocrx_word' id='word_1_47' title='bbox 1855 587 1983 650; x_wconf 70' lang='grc'><strong>458,</strong></span> <span class='ocrx_word' id='word_1_48' title='bbox 2025 596 2079 640; x_wconf 87' lang='lat' dir='ltr'><strong>et</strong></span> <span class='ocrx_word' id='word_1_49' title='bbox 2130 585 2183 654; x_wconf 87' lang='lat' dir='ltr'><strong>in</strong></span> <span class='ocrx_word' id='word_1_50' title='bbox 2238 583 2486 654; x_wconf 84' lang='lat' dir='ltr'><strong>Psalmos</strong></span> <span class='ocrx_word' id='word_1_51' title='bbox 2541 597 2661 654; x_wconf 80' lang='lat' dir='ltr'><strong>pag.</strong></span> <span class='ocrx_word' id='word_1_52' title='bbox 2703 581 2827 638; x_wconf 82' lang='grc'><strong>571.</strong></span> <span class='ocrx_word' id='word_1_53' title='bbox 2862 581 2943 654; x_wconf 81' lang='lat' dir='ltr'><strong>[ln</strong></span> <span class='ocrx_word' id='word_1_54' title='bbox 2993 580 3304 654; x_wconf 75' lang='lat' dir='ltr'><strong>Sym._loco</strong></span> <span class='ocrx_word' id='word_1_55' title='bbox 3325 582 3423 654; x_wconf 65' lang='grc' dir='ltr'><strong>τῆς</strong></span> 
     </span>
    </p>
   </div>
   <div class='ocr_carea' id='block_1_12' title="bbox 1854 650 3420 725">
    <p class='ocr_par' dir='ltr' id='par_1_12' title="bbox 1854 650 3420 725">
     <span class='ocr_line' id='line_1_12' title="bbox 1854 650 3420 725; baseline -0.005 -15"><span class='ocrx_word' id='word_1_56' title='bbox 1854 657 1976 725; x_wconf 78' lang='grc' dir='ltr'><strong>γῆς,</strong></span> <span class='ocrx_word' id='word_1_57' title='bbox 2015 653 2200 708; x_wconf 86' lang='lat' dir='ltr'><strong>Lamb.</strong></span> <span class='ocrx_word' id='word_1_58' title='bbox 2255 654 2359 707; x_wconf 87' lang='lat' dir='ltr'><strong>Bos</strong></span> <span class='ocrx_word' id='word_1_59' title='bbox 2403 652 2518 715; x_wconf 86' lang='lat' dir='ltr'><strong>dat,</strong></span> <span class='ocrx_word' id='word_1_60' title='bbox 2542 650 2642 721; x_wconf 66' lang='grc' dir='ltr'><strong>τῆξ</strong></span> <span class='ocrx_word' id='word_1_61' title='bbox 2671 650 3121 722; x_wconf 53' lang='grc' dir='ltr'><strong>οἰκουμένηςζ-</strong></span> <span class='ocrx_word' id='word_1_62' title='bbox 3150 650 3311 705; x_wconf 85' lang='lat' dir='ltr'><strong>Barb.</strong></span> <span class='ocrx_word' id='word_1_63' title='bbox 3364 652 3420 704; x_wconf 86' lang='lat' dir='ltr'><strong>in</strong></span> 
     </span>
    </p>
   </div>
   <div class='ocr_carea' id='block_1_13' title="bbox 1854 726 3392 815">
    <p class='ocr_par' dir='ltr' id='par_1_13' title="bbox 1854 726 3392 815">
     <span class='ocr_line' id='line_1_13' title="bbox 1854 726 3392 815; baseline -0.002 -16"><span class='ocrx_word' id='word_1_64' title='bbox 1854 761 2027 815; x_wconf 86' lang='lat' dir='ltr'><strong>marg.</strong></span> <span class='ocrx_word' id='word_1_65' title='bbox 2062 761 2075 795; x_wconf 89' lang='lat'><strong>:</strong></span> <span class='ocrx_word' id='word_1_66' title='bbox 2112 726 2162 813; x_wconf 59' lang='grc' dir='ltr'><strong>ἒ,</strong></span> <span class='ocrx_word' id='word_1_67' title='bbox 2200 745 2292 796; x_wconf 78' lang='grc' dir='ltr'><strong>καὶ</strong></span> <span class='ocrx_word' id='word_1_68' title='bbox 2314 743 2539 813; x_wconf 79' lang='grc' dir='ltr'><strong>λαλήσει</strong></span> <span class='ocrx_word' id='word_1_69' title='bbox 2567 745 2791 814; x_wconf 75' lang='grc' dir='ltr'><strong>εἰρήνην</strong></span> <span class='ocrx_word' id='word_1_70' title='bbox 2824 745 2903 806; x_wconf 78' lang='grc' dir='ltr'><strong>εἰς</strong></span> <span class='ocrx_word' id='word_1_71' title='bbox 2933 743 3129 797; x_wconf 75' lang='grc' dir='ltr'>ἔθνεσι.</span> <span class='ocrx_word' id='word_1_72' title='bbox 3162 742 3392 812; x_wconf 83' lang='lat' dir='ltr'><strong>Dtucu.]</strong></span> 
     </span>
    </p>
   </div>
   <div class='ocr_carea' id='block_1_14' title="bbox 1927 834 3425 904">
    <p class='ocr_par' dir='ltr' id='par_1_14' title="bbox 1927 834 3425 904">
     <span class='ocr_line' id='line_1_14' title="bbox 1927 834 3425 904; baseline -0.002 -16"><span class='ocrx_word' id='word_1_73' title='bbox 1927 834 1987 888; x_wconf 86' lang='lat' dir='ltr'><strong>V.</strong></span> <span class='ocrx_word' id='word_1_74' title='bbox 2028 836 2112 889; x_wconf 85' lang='lat' dir='ltr'><strong>l7.</strong></span> <span class='ocrx_word' id='word_1_75' title='bbox 2158 835 2376 889; x_wconf 88' lang='lat' dir='ltr'><strong>llierou.</strong></span> <span class='ocrx_word' id='word_1_76' title='bbox 2410 854 2423 888; x_wconf 90' lang='lat'><strong>:</strong></span> <span class='ocrx_word' id='word_1_77' title='bbox 2462 856 2478 886; x_wconf 83' lang='grc' dir='ltr'><strong>ι</strong></span> <span class='ocrx_word' id='word_1_78' title='bbox 2519 836 2622 897; x_wconf 86' lang='lat' dir='ltr'><strong>Pro</strong></span> <span class='ocrx_word' id='word_1_79' title='bbox 2655 837 2792 899; x_wconf 83' lang='lat' dir='ltr'><strong>vino,</strong></span> <span class='ocrx_word' id='word_1_80' title='bbox 2820 835 2962 904; x_wconf 88' lang='lat' dir='ltr'><strong>quod</strong></span> <span class='ocrx_word' id='word_1_81' title='bbox 2998 834 3262 888; x_wconf 87' lang='lat' dir='ltr'><strong>llebraice</strong></span> <span class='ocrx_word' id='word_1_82' title='bbox 3288 834 3425 887; x_wconf 88' lang='lat' dir='ltr'><strong>dici-</strong></span> 
     </span>
    </p>
   </div>
   <div class='ocr_carea' id='block_1_15' title="bbox 1854 904 3423 974">
    <p class='ocr_par' dir='ltr' id='par_1_15' title="bbox 1854 904 3423 974">
     <span class='ocr_line' id='line_1_15' title="bbox 1854 904 3423 974; baseline -0.003 -14"><span class='ocrx_word' id='word_1_83' title='bbox 1854 917 1943 960; x_wconf 88' lang='lat' dir='ltr'><strong>tur</strong></span> <span class='ocrx_word' id='word_1_84' title='bbox 1982 904 2253 969; x_wconf 82' lang='lat' dir='ltr'><strong>TlllROS,</strong></span> <span class='ocrx_word' id='word_1_85' title='bbox 2278 906 2470 970; x_wconf 86' lang='lat' dir='ltr'><strong>Aquila</strong></span> <span class='ocrx_word' id='word_1_86' title='bbox 2499 906 2669 957; x_wconf 79' lang='grc' dir='ltr'>οῐνίαν</span> <span class='ocrx_word' id='word_1_87' title='bbox 2702 909 3087 974; x_wconf 76' lang='lat' dir='ltr'><strong>interpretatus</strong></span> <span class='ocrx_word' id='word_1_88' title='bbox 3118 914 3199 956; x_wconf 68' lang='lat' dir='ltr'><strong>est</strong></span> <span class='ocrx_word' id='word_1_89' title='bbox 3231 922 3244 957; x_wconf 88' lang='lat'>:</span> <span class='ocrx_word' id='word_1_90' title='bbox 3278 904 3423 973; x_wconf 89' lang='lat' dir='ltr'><strong>quod</strong></span> 
     </span>
    </p>
   </div>
   <div class='ocr_carea' id='block_1_16' title="bbox 1849 974 3348 1043">
    <p class='ocr_par' dir='ltr' id='par_1_16' title="bbox 1849 974 3348 1043">
     <span class='ocr_line' id='line_1_16' title="bbox 1849 974 3348 1043; baseline -0.005 -12"><span class='ocrx_word' id='word_1_91' title='bbox 1849 986 1902 1031; x_wconf 87' lang='lat' dir='ltr'><strong>et</strong></span> <span class='ocrx_word' id='word_1_92' title='bbox 1933 976 2110 1041; x_wconf 85' lang='lat' dir='ltr'><strong>ipsum</strong></span> <span class='ocrx_word' id='word_1_93' title='bbox 2132 975 2199 1030; x_wconf 88' lang='lat' dir='ltr'><strong>ad</strong></span> <span class='ocrx_word' id='word_1_94' title='bbox 2237 976 2541 1030; x_wconf 85' lang='lat' dir='ltr'><strong>ubertatem</strong></span> <span class='ocrx_word' id='word_1_95' title='bbox 2566 976 2851 1028; x_wconf 69' lang='lat' dir='ltr'><strong>vindemia:</strong></span> <span class='ocrx_word' id='word_1_96' title='bbox 2887 974 3072 1029; x_wconf 79' lang='lat' dir='ltr'><strong>referri</strong></span> <span class='ocrx_word' id='word_1_97' title='bbox 3100 979 3296 1043; x_wconf 81' lang='lat' dir='ltr'><strong>potest.</strong></span> <span class='ocrx_word' id='word_1_98' title='bbox 3329 993 3348 1023; x_wconf 72' lang='grc' dir='ltr'><strong>ι</strong></span> 
     </span>
    </p>
   </div>
   <div class='ocr_carea' id='block_1_17' title="bbox 1323 1129 2169 1192">
    <p class='ocr_par' dir='ltr' id='par_1_17' title="bbox 1323 1129 2169 1192">
     <span class='ocr_line' id='line_1_17' title="bbox 1323 1129 2169 1192; baseline -0.001 -1"><span class='ocrx_word' id='word_1_99' title='bbox 1323 1130 1752 1192; x_wconf 80' lang='lat' dir='ltr'><strong>ZACHARUE</strong></span> <span class='ocrx_word' id='word_1_100' title='bbox 1793 1129 2049 1191; x_wconf 84' lang='lat' dir='ltr'><strong>CAPUT</strong></span> <span class='ocrx_word' id='word_1_101' title='bbox 2091 1131 2169 1190; x_wconf 83' lang='grc' dir='ltr'><strong>Χ.</strong></span> 
     </span>
    </p>
   </div>
   <div class='ocr_carea' id='block_1_18' title="bbox 169 1226 1395 1299">
    <p class='ocr_par' dir='ltr' id='par_1_18' title="bbox 169 1226 1395 1299">
     <span class='ocr_line' id='line_1_18' title="bbox 169 1226 1395 1299; baseline -0.002 -15"><span class='ocrx_word' id='word_1_102' title='bbox 169 1235 304 1284; x_wconf 64' lang='grc' dir='ltr'><strong>ωηε</strong></span> <span class='ocrx_word' id='word_1_103' title='bbox 339 1226 373 1278; x_wconf 78' lang='grc'><strong>4</strong></span> <span class='ocrx_word' id='word_1_104' title='bbox 457 1226 537 1279; x_wconf 79' lang='lat' dir='ltr'><strong>&#39;A.</strong></span> <span class='ocrx_word' id='word_1_105' title='bbox 570 1228 937 1299; x_wconf 76' lang='grc' dir='ltr'>εἰσπράσσων.</span> <span class='ocrx_word' id='word_1_106' title='bbox 965 1230 1041 1291; x_wconf 90' lang='lat'><strong>0&#39;,</strong></span> <span class='ocrx_word' id='word_1_107' title='bbox 1072 1228 1395 1294; x_wconf 81' lang='grc' dir='ltr'><strong>ἐξελαύνων.</strong></span> 
     </span>
    </p>
   </div>
   <div class='ocr_carea' id='block_1_19' title="bbox 169 1301 1747 1389">
    <p class='ocr_par' dir='ltr' id='par_1_19' title="bbox 169 1301 1747 1389">
     <span class='ocr_line' id='line_1_19' title="bbox 169 1301 1747 1389; baseline -0.001 -17"><span class='ocrx_word' id='word_1_108' title='bbox 169 1301 487 1376; x_wconf 69' lang='lat' dir='ltr'><strong>13’le</strong></span> <span class='ocrx_word' id='word_1_109' title='bbox 518 1328 683 1376; x_wconf 53' lang='lat' dir='ltr'><strong>nam:</strong></span> <span class='ocrx_word' id='word_1_110' title='bbox 717 1328 822 1378; x_wconf 72' lang='lat' dir='ltr'><strong>wn</strong></span> <span class='ocrx_word' id='word_1_111' title='bbox 855 1318 888 1372; x_wconf 88' lang='lat'><strong>6</strong></span> <span class='ocrx_word' id='word_1_112' title='bbox 958 1320 1017 1375; x_wconf 96' lang='lat'><strong>2.</strong></span> <span class='ocrx_word' id='word_1_113' title='bbox 1050 1322 1142 1374; x_wconf 78' lang='grc' dir='ltr'><strong>καὶ</strong></span> <span class='ocrx_word' id='word_1_114' title='bbox 1166 1319 1377 1373; x_wconf 79' lang='grc' dir='ltr'>ἔσονται</span> <span class='ocrx_word' id='word_1_115' title='bbox 1409 1318 1483 1382; x_wconf 84' lang='grc' dir='ltr'><strong>ὡς</strong></span> <span class='ocrx_word' id='word_1_116' title='bbox 1510 1319 1576 1373; x_wconf 81' lang='grc' dir='ltr'><strong>ἂν</strong></span> <span class='ocrx_word' id='word_1_117' title='bbox 1598 1318 1747 1389; x_wconf 82' lang='grc' dir='ltr'>εἰμὴ</span> 
     </span>
    </p>
   </div>
   <div class='ocr_carea' id='block_1_20' title="bbox 170 1405 1746 1480">
    <p class='ocr_par' dir='ltr' id='par_1_20' title="bbox 170 1405 1746 1480">
     <span class='ocr_line' id='line_1_20' title="bbox 170 1405 1746 1480; baseline 0.003 -23"><span class='ocrx_word' id='word_1_118' title='bbox 170 1405 485 1478; x_wconf 79' lang='grc' dir='ltr'>ἁπωσάμην</span> <span class='ocrx_word' id='word_1_119' title='bbox 532 1409 748 1474; x_wconf 72' lang='grc' dir='ltr'>αὐτούς.</span> <span class='ocrx_word' id='word_1_120' title='bbox 796 1412 872 1476; x_wconf 89' lang='lat'><strong>0’,</strong></span> <span class='ocrx_word' id='word_1_121' title='bbox 914 1412 1009 1466; x_wconf 71' lang='lat' dir='ltr'><strong>xui.</strong></span> <span class='ocrx_word' id='word_1_122' title='bbox 1041 1411 1256 1465; x_wconf 73' lang='grc' dir='ltr'>ἔσονται</span> <span class='ocrx_word' id='word_1_123' title='bbox 1310 1411 1371 1464; x_wconf 81' lang='grc' dir='ltr'>ὃν</span> <span class='ocrx_word' id='word_1_124' title='bbox 1417 1410 1617 1480; x_wconf 80' lang='grc' dir='ltr'>τρόπον</span> <span class='ocrx_word' id='word_1_125' title='bbox 1646 1411 1746 1461; x_wconf 81' lang='grc' dir='ltr'><strong>οὐκ</strong></span> 
     </span>
    </p>
   </div>
   <div class='ocr_carea' id='block_1_21' title="bbox 169 1494 852 1573">
    <p class='ocr_par' dir='ltr' id='par_1_21' title="bbox 169 1494 852 1573">
     <span class='ocr_line' id='line_1_21' title="bbox 169 1494 852 1573; baseline 0.013 -25"><span class='ocrx_word' id='word_1_126' title='bbox 169 1494 608 1573; x_wconf 75' lang='grc' dir='ltr'>ἀπεστρεψάμην</span> <span class='ocrx_word' id='word_1_127' title='bbox 636 1501 852 1566; x_wconf 75' lang='grc' dir='ltr'>αὐτούς.</span> 
     </span>
    </p>
   </div>
   <div class='ocr_carea' id='block_1_22' title="bbox 1926 1226 3254 1297">
    <p class='ocr_par' dir='ltr' id='par_1_22' title="bbox 1926 1226 3254 1297">
     <span class='ocr_line' id='line_1_22' title="bbox 1926 1226 3254 1297; baseline -0.001 -15"><span class='ocrx_word' id='word_1_128' title='bbox 1926 1229 1981 1282; x_wconf 76' lang='grc'><strong>4.</strong></span> <span class='ocrx_word' id='word_1_129' title='bbox 2022 1228 2186 1283; x_wconf 83' lang='lat' dir='ltr'><strong>Hebr.</strong></span> <span class='ocrx_word' id='word_1_130' title='bbox 2216 1227 2283 1282; x_wconf 83' lang='lat' dir='ltr'><strong>A.</strong></span> <span class='ocrx_word' id='word_1_131' title='bbox 2317 1226 2442 1281; x_wconf 76' lang='lat' dir='ltr'><strong>Vul.</strong></span> <span class='ocrx_word' id='word_1_132' title='bbox 2478 1237 2719 1283; x_wconf 82' lang='lat' dir='ltr'><strong>exactor.</strong></span> <span class='ocrx_word' id='word_1_133' title='bbox 2753 1227 2916 1293; x_wconf 94' lang='lat' dir='ltr'><strong>LXX,</strong></span> <span class='ocrx_word' id='word_1_134' title='bbox 2948 1228 3037 1296; x_wconf 91' lang='lat' dir='ltr'><strong>qui</strong></span> <span class='ocrx_word' id='word_1_135' title='bbox 3068 1228 3254 1297; x_wconf 80' lang='lat' dir='ltr'><strong>abigit.</strong></span> 
     </span>
    </p>
   </div>
   <div class='ocr_carea' id='block_1_23' title="bbox 1924 1317 3420 1389">
    <p class='ocr_par' dir='ltr' id='par_1_23' title="bbox 1924 1317 3420 1389">
     <span class='ocr_line' id='line_1_23' title="bbox 1924 1317 3420 1389; baseline 0.001 -17"><span class='ocrx_word' id='word_1_136' title='bbox 1924 1318 1979 1372; x_wconf 89' lang='lat'><strong>6.</strong></span> <span class='ocrx_word' id='word_1_137' title='bbox 2021 1317 2087 1372; x_wconf 89' lang='lat' dir='ltr'><strong>H.</strong></span> <span class='ocrx_word' id='word_1_138' title='bbox 2113 1327 2169 1373; x_wconf 91' lang='lat' dir='ltr'><strong>et</strong></span> <span class='ocrx_word' id='word_1_139' title='bbox 2191 1328 2349 1374; x_wconf 91' lang='lat' dir='ltr'><strong>erunt</strong></span> <span class='ocrx_word' id='word_1_140' title='bbox 2376 1319 2518 1374; x_wconf 87' lang='lat' dir='ltr'><strong>sicut</strong></span> <span class='ocrx_word' id='word_1_141' title='bbox 2546 1320 2764 1389; x_wconf 85' lang='lat' dir='ltr'><strong>quando</strong></span> <span class='ocrx_word' id='word_1_142' title='bbox 2795 1336 2903 1373; x_wconf 91' lang='lat' dir='ltr'><strong>non</strong></span> <span class='ocrx_word' id='word_1_143' title='bbox 2941 1320 3187 1389; x_wconf 87' lang='lat' dir='ltr'><strong>elongavi</strong></span> <span class='ocrx_word' id='word_1_144' title='bbox 3208 1336 3322 1374; x_wconf 85' lang='lat' dir='ltr'><strong>eos.</strong></span> <span class='ocrx_word' id='word_1_145' title='bbox 3362 1320 3420 1374; x_wconf 91' lang='lat' dir='ltr'><strong>S.</strong></span> 
     </span>
    </p>
   </div>
   <div class='ocr_carea' id='block_1_24' title="bbox 1852 1409 3427 1481">
    <p class='ocr_par' dir='ltr' id='par_1_24' title="bbox 1852 1409 3427 1481">
     <span class='ocr_line' id='line_1_24' title="bbox 1852 1409 3427 1481; baseline 0 -16"><span class='ocrx_word' id='word_1_146' title='bbox 1852 1417 1907 1465; x_wconf 89' lang='lat' dir='ltr'><strong>et</strong></span> <span class='ocrx_word' id='word_1_147' title='bbox 1936 1419 2098 1464; x_wconf 92' lang='lat' dir='ltr'><strong>erunt</strong></span> <span class='ocrx_word' id='word_1_148' title='bbox 2128 1420 2188 1465; x_wconf 91' lang='lat' dir='ltr'><strong>ut</strong></span> <span class='ocrx_word' id='word_1_149' title='bbox 2212 1409 2260 1466; x_wconf 88' lang='lat' dir='ltr'><strong>si</strong></span> <span class='ocrx_word' id='word_1_150' title='bbox 2293 1426 2399 1466; x_wconf 84' lang='lat' dir='ltr'><strong>non</strong></span> <span class='ocrx_word' id='word_1_151' title='bbox 2430 1410 2751 1481; x_wconf 87' lang='lat' dir='ltr'><strong>repulissem</strong></span> <span class='ocrx_word' id='word_1_152' title='bbox 2791 1425 2915 1474; x_wconf 69' lang='lat' dir='ltr'><strong>,eos.</strong></span> <span class='ocrx_word' id='word_1_153' title='bbox 2966 1409 3127 1475; x_wconf 89' lang='lat' dir='ltr'><strong>LXX,</strong></span> <span class='ocrx_word' id='word_1_154' title='bbox 3163 1420 3217 1465; x_wconf 89' lang='lat' dir='ltr'><strong>et</strong></span> <span class='ocrx_word' id='word_1_155' title='bbox 3264 1420 3427 1465; x_wconf 89' lang='lat' dir='ltr'><strong>erunt</strong></span> 
     </span>
    </p>
   </div>
   <div class='ocr_carea' id='block_1_25' title="bbox 1854 1500 3423 1559">
    <p class='ocr_par' dir='ltr' id='par_1_25' title="bbox 1854 1500 3423 1559">
     <span class='ocr_line' id='line_1_25' title="bbox 1854 1500 3423 1559; baseline 0.002 -3"><span class='ocrx_word' id='word_1_156' title='bbox 1854 1517 1918 1557; x_wconf 89' lang='lat' dir='ltr'><strong>ac</strong></span> <span class='ocrx_word' id='word_1_157' title='bbox 1952 1501 2000 1557; x_wconf 92' lang='lat' dir='ltr'><strong>si</strong></span> <span class='ocrx_word' id='word_1_158' title='bbox 2025 1518 2134 1556; x_wconf 90' lang='lat' dir='ltr'><strong>non</strong></span> <span class='ocrx_word' id='word_1_159' title='bbox 2173 1503 2492 1558; x_wconf 83' lang='lat' dir='ltr'><strong>avertissem</strong></span> <span class='ocrx_word' id='word_1_160' title='bbox 2532 1517 2650 1559; x_wconf 90' lang='lat' dir='ltr'><strong>eos.</strong></span> <span class='ocrx_word' id='word_1_161' title='bbox 2694 1500 2819 1556; x_wconf 83' lang='lat' dir='ltr'><strong>Vul.</strong></span> <span class='ocrx_word' id='word_1_162' title='bbox 2845 1512 2899 1558; x_wconf 91' lang='lat' dir='ltr'><strong>et</strong></span> <span class='ocrx_word' id='word_1_163' title='bbox 2946 1511 3108 1559; x_wconf 88' lang='lat' dir='ltr'><strong>erunt</strong></span> <span class='ocrx_word' id='word_1_164' title='bbox 3135 1502 3275 1559; x_wconf 88' lang='lat' dir='ltr'><strong>sicut</strong></span> <span class='ocrx_word' id='word_1_165' title='bbox 3303 1502 3423 1559; x_wconf 81' lang='lat' dir='ltr'><strong>fue-</strong></span> 
     </span>
    </p>
   </div>
   <div class='ocr_carea' id='block_1_26' title="bbox 1854 1594 2879 1664">
    <p class='ocr_par' dir='ltr' id='par_1_26' title="bbox 1854 1594 2879 1664">
     <span class='ocr_line' id='line_1_26' title="bbox 1854 1594 2879 1664; baseline 0.002 -17"><span class='ocrx_word' id='word_1_166' title='bbox 1854 1602 1983 1648; x_wconf 88' lang='lat' dir='ltr'><strong>runt</strong></span> <span class='ocrx_word' id='word_1_167' title='bbox 2015 1594 2235 1664; x_wconf 85' lang='lat' dir='ltr'><strong>quando</strong></span> <span class='ocrx_word' id='word_1_168' title='bbox 2265 1609 2376 1649; x_wconf 88' lang='lat' dir='ltr'><strong>non</strong></span> <span class='ocrx_word' id='word_1_169' title='bbox 2404 1594 2739 1664; x_wconf 78' lang='lat' dir='ltr'><strong>projeceram</strong></span> <span class='ocrx_word' id='word_1_170' title='bbox 2763 1609 2879 1651; x_wconf 90' lang='lat' dir='ltr'><strong>eos.</strong></span> 
     </span>
    </p>
   </div>
   <div class='ocr_carea' id='block_1_27' title="bbox 965 1702 2577 1782">
    <p class='ocr_par' dir='ltr' id='par_1_27' title="bbox 965 1702 2577 1782">
     <span class='ocr_line' id='line_1_27' title="bbox 965 1702 2577 1782; baseline 0.001 -16"><span class='ocrx_word' id='word_1_171' title='bbox 965 1707 1143 1767; x_wconf 62' lang='lat' dir='ltr'><strong>Nota)</strong></span> <span class='ocrx_word' id='word_1_172' title='bbox 1172 1714 1234 1767; x_wconf 89' lang='lat' dir='ltr'><strong>et</strong></span> <span class='ocrx_word' id='word_1_173' title='bbox 1270 1705 1460 1767; x_wconf 73' lang='lat' dir='ltr'><strong>varia)</strong></span> <span class='ocrx_word' id='word_1_174' title='bbox 1492 1705 1800 1767; x_wconf 86' lang='lat' dir='ltr'><strong>lectiones</strong></span> <span class='ocrx_word' id='word_1_175' title='bbox 1836 1702 1912 1766; x_wconf 89' lang='lat' dir='ltr'><strong>ad</strong></span> <span class='ocrx_word' id='word_1_176' title='bbox 1978 1720 2113 1782; x_wconf 90' lang='lat' dir='ltr'><strong>cap.</strong></span> <span class='ocrx_word' id='word_1_177' title='bbox 2144 1708 2203 1766; x_wconf 82' lang='lat' dir='ltr'><strong>X</strong></span> <span class='ocrx_word' id='word_1_178' title='bbox 2236 1706 2577 1768; x_wconf 62' lang='lat' dir='ltr'><strong>Zachariae.</strong></span> 
     </span>
    </p>
   </div>
   <div class='ocr_carea' id='block_1_28' title="bbox 244 1800 1742 1876">
    <p class='ocr_par' dir='ltr' id='par_1_28' title="bbox 244 1800 1742 1876">
     <span class='ocr_line' id='line_1_28' title="bbox 244 1800 1742 1876; baseline 0.001 -19"><span class='ocrx_word' id='word_1_179' title='bbox 244 1800 399 1876; x_wconf 46' lang='grc' dir='ltr'><strong>μ.</strong></span> <span class='ocrx_word' id='word_1_180' title='bbox 427 1802 824 1876; x_wconf 83' lang='lat' dir='ltr'><strong>Hieronymus:</strong></span> <span class='ocrx_word' id='word_1_181' title='bbox 859 1823 878 1857; x_wconf 80' lang='grc' dir='ltr'><strong>ι</strong></span> <span class='ocrx_word' id='word_1_182' title='bbox 934 1805 994 1859; x_wconf 90' lang='lat' dir='ltr'><strong>ln</strong></span> <span class='ocrx_word' id='word_1_183' title='bbox 1048 1804 1326 1876; x_wconf 83' lang='lat' dir='ltr'><strong>Hebraico</strong></span> <span class='ocrx_word' id='word_1_184' title='bbox 1362 1806 1620 1874; x_wconf 88' lang='lat' dir='ltr'><strong>scriptum</strong></span> <span class='ocrx_word' id='word_1_185' title='bbox 1658 1812 1742 1859; x_wconf 88' lang='lat' dir='ltr'><strong>est</strong></span> 
     </span>
    </p>
   </div>
   <div class='ocr_carea' id='block_1_29' title="bbox 166 1870 1711 1947">
    <p class='ocr_par' dir='ltr' id='par_1_29' title="bbox 166 1870 1711 1947">
     <span class='ocr_line' id='line_1_29' title="bbox 166 1870 1711 1947; baseline 0 -20"><span class='ocrx_word' id='word_1_186' title='bbox 166 1870 425 1941; x_wconf 73' lang='lat' dir='ltr'><strong>NOGES,</strong></span> <span class='ocrx_word' id='word_1_187' title='bbox 449 1883 506 1930; x_wconf 90' lang='lat' dir='ltr'><strong>et</strong></span> <span class='ocrx_word' id='word_1_188' title='bbox 528 1870 726 1947; x_wconf 81' lang='lat' dir='ltr'><strong>Aquila</strong></span> <span class='ocrx_word' id='word_1_189' title='bbox 764 1875 1152 1945; x_wconf 85' lang='lat' dir='ltr'><strong>interpretatus</strong></span> <span class='ocrx_word' id='word_1_190' title='bbox 1176 1885 1261 1931; x_wconf 85' lang='lat' dir='ltr'><strong>est</strong></span> <span class='ocrx_word' id='word_1_191' title='bbox 1285 1870 1655 1947; x_wconf 74' lang='grc' dir='ltr'>εἰσπράσσων.</span> <span class='ocrx_word' id='word_1_192' title='bbox 1692 1894 1711 1927; x_wconf 71' lang='grc' dir='ltr'><strong>ι</strong></span> 
     </span>
    </p>
   </div>
   <div class='ocr_carea' id='block_1_30' title="bbox 1922 1768 3235 1871">
    <p class='ocr_par' dir='ltr' id='par_1_30' title="bbox 1922 1768 3235 1871">
     <span class='ocr_line' id='line_1_30' title="bbox 1922 1768 3235 1871; baseline 0.009 -14"><span class='ocrx_word' id='word_1_193' title='bbox 1922 1803 1987 1858; x_wconf 79' lang='grc' dir='ltr'><strong>ν.</strong></span> <span class='ocrx_word' id='word_1_194' title='bbox 2020 1768 2072 1858; x_wconf 51' lang='lat'><strong>6-.</strong></span> <span class='ocrx_word' id='word_1_195' title='bbox 2103 1806 2186 1871; x_wconf 84' lang='lat'><strong>2.,</strong></span> <span class='ocrx_word' id='word_1_196' title='bbox 2227 1807 2320 1859; x_wconf 78' lang='grc' dir='ltr'><strong>καὶ</strong></span> <span class='ocrx_word' id='word_1_197' title='bbox 2352 1806 2563 1862; x_wconf 78' lang='grc' dir='ltr'>ἔσονται</span> <span class='ocrx_word' id='word_1_198' title='bbox 2591 1814 2695 1862; x_wconf 81' lang='lat' dir='ltr'><strong>etc.</strong></span> <span class='ocrx_word' id='word_1_199' title='bbox 2721 1805 3115 1868; x_wconf 81' lang='lat' dir='ltr'><strong>Theodoretus.</strong></span> <span class='ocrx_word' id='word_1_200' title='bbox 3229 1803 3235 1809; x_wconf 57' lang='grc'><em>’</em></span> 
     </span>
    </p>
   </div>
   <div class='ocr_carea' id='block_1_31' title="bbox 1366 2076 2252 2143">
    <p class='ocr_par' dir='ltr' id='par_1_31' title="bbox 1366 2076 2252 2143">
     <span class='ocr_line' id='line_1_31' title="bbox 1366 2076 2252 2143; baseline 0.005 -7"><span class='ocrx_word' id='word_1_201' title='bbox 1366 2076 1796 2139; x_wconf 70' lang='grc' dir='ltr'><strong>ΖΑΟΗΑΒΙᾸΞ</strong></span> <span class='ocrx_word' id='word_1_202' title='bbox 1838 2080 2093 2143; x_wconf 79' lang='lat' dir='ltr'><strong>CAPUT</strong></span> <span class='ocrx_word' id='word_1_203' title='bbox 2139 2084 2252 2143; x_wconf 86' lang='lat' dir='ltr'><strong>XI.</strong></span> 
     </span>
    </p>
   </div>
   <div class='ocr_carea' id='block_1_32' title="bbox 164 2162 1752 2265">
    <p class='ocr_par' dir='ltr' id='par_1_32' title="bbox 164 2162 1752 2265">
     <span class='ocr_line' id='line_1_32' title="bbox 164 2162 1752 2265; baseline 0.004 -40"><span class='ocrx_word' id='word_1_204' title='bbox 164 2162 363 2265; x_wconf 66' lang='lat' dir='ltr'><strong>n&#39;hpn</strong></span> <span class='ocrx_word' id='word_1_205' title='bbox 396 2184 499 2236; x_wconf 63' lang='grc' dir='ltr'><strong>πω</strong></span> <span class='ocrx_word' id='word_1_206' title='bbox 534 2178 569 2229; x_wconf 83' lang='lat'><strong>7</strong></span> <span class='ocrx_word' id='word_1_207' title='bbox 645 2179 891 2243; x_wconf 64' lang='grc' dir='ltr'><strong>Ἄλλος,</strong></span> <span class='ocrx_word' id='word_1_208' title='bbox 923 2175 1018 2230; x_wconf 77' lang='grc' dir='ltr'>δύο</span> <span class='ocrx_word' id='word_1_209' title='bbox 1059 2176 1354 2239; x_wconf 82' lang='grc' dir='ltr'><strong>σκυτάλας.</strong></span> <span class='ocrx_word' id='word_1_210' title='bbox 1398 2177 1477 2240; x_wconf 85' lang='grc' dir='ltr'><strong>Ο,’</strong></span> <span class='ocrx_word' id='word_1_211' title='bbox 1518 2175 1611 2229; x_wconf 88' lang='grc' dir='ltr'><strong>δύο</strong></span> <span class='ocrx_word' id='word_1_212' title='bbox 1652 2178 1752 2247; x_wconf 72' lang='grc' dir='ltr'><strong>ῥά-</strong></span> 
     </span>
    </p>
   </div>
   <div class='ocr_carea' id='block_1_33' title="bbox 164 2270 353 2335">
    <p class='ocr_par' dir='ltr' id='par_1_33' title="bbox 164 2270 353 2335">
     <span class='ocr_line' id='line_1_33' title="bbox 164 2270 353 2335; baseline 0 -11"><span class='ocrx_word' id='word_1_213' title='bbox 164 2270 353 2335; x_wconf 69' lang='grc' dir='ltr'>ὁδους.</span> 
     </span>
    </p>
   </div>
   <div class='ocr_carea' id='block_1_34' title="bbox 163 2344 1752 2448">
    <p class='ocr_par' dir='ltr' id='par_1_34' title="bbox 163 2344 1752 2448">
     <span class='ocr_line' id='line_1_34' title="bbox 163 2344 1752 2448; baseline -0.005 -26"><span class='ocrx_word' id='word_1_214' title='bbox 163 2346 353 2422; x_wconf 62' lang='grc' dir='ltr'><strong>τιή-λη</strong></span> <span class='ocrx_word' id='word_1_215' title='bbox 392 2369 575 2448; x_wconf 56' lang='grc' dir='ltr'><strong>’τωρ</strong></span> <span class='ocrx_word' id='word_1_216' title='bbox 609 2345 777 2422; x_wconf 60' lang='grc' dir='ltr'>τηκντι</span> <span class='ocrx_word' id='word_1_217' title='bbox 801 2371 909 2425; x_wconf 71' lang='lat' dir='ltr'><strong>mu</strong></span> <span class='ocrx_word' id='word_1_218' title='bbox 948 2368 1131 2446; x_wconf 61' lang='grc' dir='ltr'><strong>’ΠΝ-πρ</strong></span> <span class='ocrx_word' id='word_1_219' title='bbox 1164 2344 1312 2420; x_wconf 62' lang='grc' dir='ltr'>τικὸ</span> <span class='ocrx_word' id='word_1_220' title='bbox 1394 2360 1472 2413; x_wconf 82' lang='grc' dir='ltr'><strong>Ἀ.</strong></span> <span class='ocrx_word' id='word_1_221' title='bbox 1494 2360 1593 2431; x_wconf 74' lang='grc' dir='ltr'><strong>τὴν</strong></span> <span class='ocrx_word' id='word_1_222' title='bbox 1627 2359 1752 2430; x_wconf 82' lang='grc' dir='ltr'>μίαν</span> 
     </span>
    </p>
   </div>
   <div class='ocr_carea' id='block_1_35' title="bbox 167 2451 1754 2524">
    <p class='ocr_par' dir='ltr' id='par_1_35' title="bbox 167 2451 1754 2524">
     <span class='ocr_line' id='line_1_35' title="bbox 167 2451 1754 2524; baseline -0.003 -18"><span class='ocrx_word' id='word_1_223' title='bbox 167 2453 413 2508; x_wconf 74' lang='grc' dir='ltr'>ἐκάλεσα</span> <span class='ocrx_word' id='word_1_224' title='bbox 443 2454 796 2524; x_wconf 76' lang='grc' dir='ltr'>εὐπρέπειαν,</span> <span class='ocrx_word' id='word_1_225' title='bbox 822 2453 913 2505; x_wconf 80' lang='grc' dir='ltr'>καὶ</span> <span class='ocrx_word' id='word_1_226' title='bbox 943 2452 1040 2523; x_wconf 82' lang='grc' dir='ltr'>τὴν</span> <span class='ocrx_word' id='word_1_227' title='bbox 1068 2452 1263 2521; x_wconf 81' lang='grc' dir='ltr'>ἑτέραν</span> <span class='ocrx_word' id='word_1_228' title='bbox 1288 2451 1523 2504; x_wconf 79' lang='grc' dir='ltr'><strong>ἐκάλεσα</strong></span> <span class='ocrx_word' id='word_1_229' title='bbox 1555 2452 1754 2520; x_wconf 80' lang='grc' dir='ltr'>σχοινι-</span> 
     </span>
    </p>
   </div>
   <div class='ocr_carea' id='block_1_36' title="bbox 168 2540 1753 2616">
    <p class='ocr_par' dir='ltr' id='par_1_36' title="bbox 168 2540 1753 2616">
     <span class='ocr_line' id='line_1_36' title="bbox 168 2540 1753 2616; baseline -0.003 -17"><span class='ocrx_word' id='word_1_230' title='bbox 168 2562 313 2616; x_wconf 81' lang='grc' dir='ltr'>σμα.</span> <span class='ocrx_word' id='word_1_231' title='bbox 344 2545 403 2597; x_wconf 88' lang='grc' dir='ltr'><strong>Σ.</strong></span> <span class='ocrx_word' id='word_1_232' title='bbox 431 2543 531 2615; x_wconf 79' lang='grc' dir='ltr'><strong>τὴν</strong></span> <span class='ocrx_word' id='word_1_233' title='bbox 586 2542 686 2613; x_wconf 85' lang='grc' dir='ltr'><strong>μὲν</strong></span> <span class='ocrx_word' id='word_1_234' title='bbox 726 2544 963 2597; x_wconf 79' lang='grc' dir='ltr'>ἐκάλεσα</span> <span class='ocrx_word' id='word_1_235' title='bbox 994 2542 1347 2613; x_wconf 80' lang='grc' dir='ltr'>εὐπρέπειαν,</span> <span class='ocrx_word' id='word_1_236' title='bbox 1398 2542 1500 2611; x_wconf 80' lang='grc' dir='ltr'>τὴν</span> <span class='ocrx_word' id='word_1_237' title='bbox 1530 2540 1587 2594; x_wconf 85' lang='grc' dir='ltr'><strong>δὲ</strong></span> <span class='ocrx_word' id='word_1_238' title='bbox 1625 2542 1753 2612; x_wconf 73' lang='grc' dir='ltr'>μίαν</span> 
     </span>
    </p>
   </div>
   <div class='ocr_carea' id='block_1_37' title="bbox 166 2633 1753 2708">
    <p class='ocr_par' dir='ltr' id='par_1_37' title="bbox 166 2633 1753 2708">
     <span class='ocr_line' id='line_1_37' title="bbox 166 2633 1753 2708; baseline -0.004 -16"><span class='ocrx_word' id='word_1_239' title='bbox 166 2637 746 2708; x_wconf 71' lang='grc' dir='ltr'>ἑκάλεσα-σχοίνισμα.</span> <span class='ocrx_word' id='word_1_240' title='bbox 779 2640 853 2699; x_wconf 81' lang='lat'><strong>0&#39;,</strong></span> <span class='ocrx_word' id='word_1_241' title='bbox 879 2635 977 2705; x_wconf 81' lang='grc' dir='ltr'><strong>τὴν</strong></span> <span class='ocrx_word' id='word_1_242' title='bbox 1007 2635 1136 2705; x_wconf 76' lang='grc' dir='ltr'>μίαν</span> <span class='ocrx_word' id='word_1_243' title='bbox 1158 2634 1392 2688; x_wconf 74' lang='grc' dir='ltr'>ἐκάλεσα</span> <span class='ocrx_word' id='word_1_244' title='bbox 1423 2633 1638 2700; x_wconf 72' lang='grc' dir='ltr'>καλλος,</span> <span class='ocrx_word' id='word_1_245' title='bbox 1659 2634 1753 2686; x_wconf 78' lang='grc' dir='ltr'><strong>καὶ</strong></span> 
     </span>
    </p>
   </div>
   <div class='ocr_carea' id='block_1_38' title="bbox 166 2729 1088 2801">
    <p class='ocr_par' dir='ltr' id='par_1_38' title="bbox 166 2729 1088 2801">
     <span class='ocr_line' id='line_1_38' title="bbox 166 2729 1088 2801; baseline -0.004 -16"><span class='ocrx_word' id='word_1_246' title='bbox 166 2732 276 2801; x_wconf 76' lang='grc' dir='ltr'><strong>τὴν</strong></span> <span class='ocrx_word' id='word_1_247' title='bbox 304 2730 498 2799; x_wconf 71' lang='grc' dir='ltr'>ἑτέραν</span> <span class='ocrx_word' id='word_1_248' title='bbox 525 2730 759 2784; x_wconf 76' lang='grc' dir='ltr'>ἐκάλεσα</span> <span class='ocrx_word' id='word_1_249' title='bbox 781 2729 1088 2800; x_wconf 83' lang='grc' dir='ltr'>σχοίνισμα.</span> 
     </span>
    </p>
   </div>
   <div class='ocr_carea' id='block_1_39' title="bbox 166 2906 1754 2997">
    <p class='ocr_par' dir='ltr' id='par_1_39' title="bbox 166 2906 1754 2997">
     <span class='ocr_line' id='line_1_39' title="bbox 166 2906 1754 2997; baseline -0.006 -29"><span class='ocrx_word' id='word_1_250' title='bbox 166 2919 302 2968; x_wconf 68' lang='grc' dir='ltr'><strong>ΰτῠ</strong></span> <span class='ocrx_word' id='word_1_251' title='bbox 336 2917 474 2969; x_wconf 61' lang='grc' dir='ltr'><strong>νινε)</strong></span> <span class='ocrx_word' id='word_1_252' title='bbox 513 2918 698 2997; x_wconf 65' lang='grc' dir='ltr'>ἾΥΡΠῚ</span> <span class='ocrx_word' id='word_1_253' title='bbox 734 2909 769 2965; x_wconf 88' lang='grc'>8</span> <span class='ocrx_word' id='word_1_254' title='bbox 853 2908 933 2961; x_wconf 84' lang='lat' dir='ltr'><strong>&#39;A.</strong></span> <span class='ocrx_word' id='word_1_255' title='bbox 973 2906 1071 2962; x_wconf 71' lang='lat' dir='ltr'><strong>xui.</strong></span> <span class='ocrx_word' id='word_1_256' title='bbox 1093 2906 1397 2978; x_wconf 78' lang='grc' dir='ltr'><strong>ὲκολοόώθη</strong></span> <span class='ocrx_word' id='word_1_257' title='bbox 1428 2906 1524 2977; x_wconf 79' lang='grc' dir='ltr'><strong>(αι.</strong></span> <span class='ocrx_word' id='word_1_258' title='bbox 1556 2906 1754 2978; x_wconf 74' lang='grc' dir='ltr'><strong>ἐφοϐή-</strong></span> 
     </span>
    </p>
   </div>
   <div class='ocr_carea' id='block_1_40' title="bbox 166 2998 1754 3072">
    <p class='ocr_par' dir='ltr' id='par_1_40' title="bbox 166 2998 1754 3072">
     <span class='ocr_line' id='line_1_40' title="bbox 166 2998 1754 3072; baseline -0.002 -18"><span class='ocrx_word' id='word_1_259' title='bbox 166 3000 268 3070; x_wconf 80' lang='grc' dir='ltr'><strong>θη)</strong></span> <span class='ocrx_word' id='word_1_260' title='bbox 301 2999 506 3072; x_wconf 77' lang='grc' dir='ltr'>ἡψυχή</span> <span class='ocrx_word' id='word_1_261' title='bbox 549 3017 651 3070; x_wconf 87' lang='grc' dir='ltr'><strong>μου</strong></span> <span class='ocrx_word' id='word_1_262' title='bbox 672 3002 761 3054; x_wconf 74' lang='grc' dir='ltr'><strong>ἐπ’</strong></span> <span class='ocrx_word' id='word_1_263' title='bbox 782 2999 995 3064; x_wconf 75' lang='grc' dir='ltr'>αὐτούς.</span> <span class='ocrx_word' id='word_1_264' title='bbox 1039 3001 1097 3054; x_wconf 90' lang='grc' dir='ltr'><strong>Σ.</strong></span> <span class='ocrx_word' id='word_1_265' title='bbox 1132 2999 1227 3054; x_wconf 77' lang='grc' dir='ltr'><strong>καὶ</strong></span> <span class='ocrx_word' id='word_1_266' title='bbox 1256 2998 1647 3069; x_wconf 76' lang='grc' dir='ltr'>ὡλιγοψύχησα</span> <span class='ocrx_word' id='word_1_267' title='bbox 1694 2999 1754 3051; x_wconf 78' lang='grc' dir='ltr'>ὲν</span> 
     </span>
    </p>
   </div>
   <div class='ocr_carea' id='block_1_41' title="bbox 168 3089 1749 3165">
    <p class='ocr_par' dir='ltr' id='par_1_41' title="bbox 168 3089 1749 3165">
     <span class='ocr_line' id='line_1_41' title="bbox 168 3089 1749 3165; baseline -0.001 -20"><span class='ocrx_word' id='word_1_268' title='bbox 168 3094 383 3155; x_wconf 74' lang='grc' dir='ltr'>αὐτοῖς.</span> <span class='ocrx_word' id='word_1_269' title='bbox 417 3094 494 3157; x_wconf 91' lang='lat'><strong>0&#39;,</strong></span> <span class='ocrx_word' id='word_1_270' title='bbox 526 3093 621 3144; x_wconf 70' lang='grc' dir='ltr'>καὶ</span> <span class='ocrx_word' id='word_1_271' title='bbox 643 3091 1047 3165; x_wconf 84' lang='grc' dir='ltr'>βαρυνθήσεται</span> <span class='ocrx_word' id='word_1_272' title='bbox 1075 3090 1272 3163; x_wconf 70' lang='grc' dir='ltr'>ἡψυχὴ</span> <span class='ocrx_word' id='word_1_273' title='bbox 1299 3107 1400 3161; x_wconf 83' lang='grc' dir='ltr'>μου</span> <span class='ocrx_word' id='word_1_274' title='bbox 1424 3090 1511 3144; x_wconf 76' lang='grc' dir='ltr'><strong>ἐπ’</strong></span> <span class='ocrx_word' id='word_1_275' title='bbox 1531 3089 1749 3153; x_wconf 81' lang='grc' dir='ltr'>αὐτούς.</span> 
     </span>
    </p>
   </div>
   <div class='ocr_carea' id='block_1_42' title="bbox 165 3180 1538 3255">
    <p class='ocr_par' dir='ltr' id='par_1_42' title="bbox 165 3180 1538 3255">
     <span class='ocr_line' id='line_1_42' title="bbox 165 3180 1538 3255; baseline -0.001 -18"><span class='ocrx_word' id='word_1_276' title='bbox 165 3182 240 3237; x_wconf 84' lang='grc' dir='ltr'><strong>Θ.</strong></span> <span class='ocrx_word' id='word_1_277' title='bbox 276 3185 373 3237; x_wconf 77' lang='grc' dir='ltr'><strong>καὶ</strong></span> <span class='ocrx_word' id='word_1_278' title='bbox 393 3182 861 3255; x_wconf 74' lang='grc' dir='ltr'>ὼλιγοψύχησενή</span> <span class='ocrx_word' id='word_1_279' title='bbox 896 3182 1040 3255; x_wconf 74' lang='grc' dir='ltr'>ψυχή</span> <span class='ocrx_word' id='word_1_280' title='bbox 1072 3199 1174 3255; x_wconf 86' lang='grc' dir='ltr'>μου</span> <span class='ocrx_word' id='word_1_281' title='bbox 1200 3182 1289 3236; x_wconf 64' lang='grc' dir='ltr'><strong>ἐπ’</strong></span> <span class='ocrx_word' id='word_1_282' title='bbox 1319 3180 1538 3247; x_wconf 78' lang='grc' dir='ltr'>αὐτούς.</span> 
     </span>
    </p>
   </div>
   <div class='ocr_carea' id='block_1_43' title="bbox 169 3324 1752 3432">
    <p class='ocr_par' dir='ltr' id='par_1_43' title="bbox 169 3324 1752 3432">
     <span class='ocr_line' id='line_1_43' title="bbox 169 3324 1752 3432; baseline -0.007 -11"><span class='ocrx_word' id='word_1_283' title='bbox 169 3371 238 3425; x_wconf 67' lang='grc'><strong>91</strong></span> <span class='ocrx_word' id='word_1_284' title='bbox 273 3346 425 3425; x_wconf 66' lang='grc' dir='ltr'>τήτῃ</span> <span class='ocrx_word' id='word_1_285' title='bbox 459 3370 755 3425; x_wconf 64' lang='lat' dir='ltr'><strong>nmen-m1</strong></span> <span class='ocrx_word' id='word_1_286' title='bbox 838 3360 919 3414; x_wconf 83' lang='lat' dir='ltr'><strong>’A.</strong></span> <span class='ocrx_word' id='word_1_287' title='bbox 946 3361 1161 3432; x_wconf 81' lang='grc' dir='ltr'><strong>καὶγεή</strong></span> <span class='ocrx_word' id='word_1_288' title='bbox 1196 3324 1341 3432; x_wconf 51' lang='lat' dir='ltr'><strong>nimii]</strong></span> <span class='ocrx_word' id='word_1_289' title='bbox 1381 3357 1559 3413; x_wconf 81' lang='grc' dir='ltr'>αὐτῶν</span> <span class='ocrx_word' id='word_1_290' title='bbox 1589 3356 1752 3428; x_wconf 73' lang='grc' dir='ltr'><strong>ἐπέρ·</strong></span> 
     </span>
    </p>
   </div>
   <div class='ocr_carea' id='block_1_44' title="bbox 169 3448 1749 3527">
    <p class='ocr_par' dir='ltr' id='par_1_44' title="bbox 169 3448 1749 3527">
     <span class='ocr_line' id='line_1_44' title="bbox 169 3448 1749 3527; baseline -0.004 -17"><span class='ocrx_word' id='word_1_291' title='bbox 169 3474 350 3511; x_wconf 78' lang='grc' dir='ltr'>κασεν</span> <span class='ocrx_word' id='word_1_292' title='bbox 370 3459 429 3509; x_wconf 85' lang='grc' dir='ltr'>ὲν</span> <span class='ocrx_word' id='word_1_293' title='bbox 448 3455 592 3527; x_wconf 75' lang='grc' dir='ltr'><strong>ἐμοί.</strong></span> <span class='ocrx_word' id='word_1_294' title='bbox 618 3456 675 3508; x_wconf 89' lang='grc' dir='ltr'><strong>Σ.</strong></span> <span class='ocrx_word' id='word_1_295' title='bbox 703 3454 797 3507; x_wconf 73' lang='grc' dir='ltr'>καὶ</span> <span class='ocrx_word' id='word_1_296' title='bbox 826 3454 859 3525; x_wconf 80' lang='grc' dir='ltr'>ὴ</span> <span class='ocrx_word' id='word_1_297' title='bbox 883 3453 1029 3524; x_wconf 74' lang='grc' dir='ltr'>ψυχὴ</span> <span class='ocrx_word' id='word_1_298' title='bbox 1051 3453 1231 3506; x_wconf 83' lang='grc' dir='ltr'>αὐτῶν</span> <span class='ocrx_word' id='word_1_299' title='bbox 1250 3453 1499 3523; x_wconf 68' lang='grc' dir='ltr'>ἦκμασεν</span> <span class='ocrx_word' id='word_1_300' title='bbox 1527 3453 1585 3504; x_wconf 84' lang='grc' dir='ltr'>ὲν</span> <span class='ocrx_word' id='word_1_301' title='bbox 1607 3448 1749 3521; x_wconf 71' lang='grc' dir='ltr'><strong>ἐμοί.</strong></span> 
     </span>
    </p>
   </div>
   <div class='ocr_carea' id='block_1_45' title="bbox 169 3542 1610 3620">
    <p class='ocr_par' dir='ltr' id='par_1_45' title="bbox 169 3542 1610 3620">
     <span class='ocr_line' id='line_1_45' title="bbox 169 3542 1610 3620; baseline -0.006 -16"><span class='ocrx_word' id='word_1_302' title='bbox 169 3548 255 3618; x_wconf 81' lang='lat'><strong>0’,</strong></span> <span class='ocrx_word' id='word_1_303' title='bbox 282 3550 380 3603; x_wconf 70' lang='grc' dir='ltr'><strong>καὶ</strong></span> <span class='ocrx_word' id='word_1_304' title='bbox 404 3550 514 3620; x_wconf 79' lang='grc' dir='ltr'><strong>γὰρ</strong></span> <span class='ocrx_word' id='word_1_305' title='bbox 544 3550 600 3601; x_wconf 80' lang='grc' dir='ltr'>αἱ</span> <span class='ocrx_word' id='word_1_306' title='bbox 630 3546 801 3618; x_wconf 71' lang='grc' dir='ltr'>ψυχαὶ</span> <span class='ocrx_word' id='word_1_307' title='bbox 829 3545 1009 3600; x_wconf 83' lang='grc' dir='ltr'>αὐτῶν</span> <span class='ocrx_word' id='word_1_308' title='bbox 1037 3543 1350 3617; x_wconf 78' lang='grc' dir='ltr'><strong>ὲπωρύοντο</strong></span> <span class='ocrx_word' id='word_1_309' title='bbox 1371 3544 1457 3597; x_wconf 78' lang='grc' dir='ltr'><strong>ἐπ’</strong></span> <span class='ocrx_word' id='word_1_310' title='bbox 1486 3542 1610 3613; x_wconf 79' lang='grc' dir='ltr'><strong>ὲμέ.</strong></span> 
     </span>
    </p>
   </div>
   <div class='ocr_carea' id='block_1_46' title="bbox 168 3827 1755 3930">
    <p class='ocr_par' dir='ltr' id='par_1_46' title="bbox 168 3827 1755 3930">
     <span class='ocr_line' id='line_1_46' title="bbox 168 3827 1755 3930; baseline -0.006 -25"><span class='ocrx_word' id='word_1_311' title='bbox 168 3853 283 3905; x_wconf 73' lang='lat' dir='ltr'><strong>1m</strong></span> <span class='ocrx_word' id='word_1_312' title='bbox 312 3854 481 3910; x_wconf 67' lang='lat' dir='ltr'><strong>1mm</strong></span> <span class='ocrx_word' id='word_1_313' title='bbox 517 3853 746 3907; x_wconf 50' lang='lat' dir='ltr'><strong>nam»</strong></span> <span class='ocrx_word' id='word_1_314' title='bbox 781 3827 1045 3929; x_wconf 58' lang='grc' dir='ltr'><strong>’ὅρα-ηις</strong></span> <span class='ocrx_word' id='word_1_315' title='bbox 1081 3851 1223 3930; x_wconf 68' lang='lat' dir='ltr'><strong>npm</strong></span> <span class='ocrx_word' id='word_1_316' title='bbox 1264 3843 1327 3897; x_wconf 81' lang='lat' dir='ltr'><strong>to</strong></span> <span class='ocrx_word' id='word_1_317' title='bbox 1414 3842 1492 3894; x_wconf 83' lang='lat' dir='ltr'><strong>‘A.</strong></span> <span class='ocrx_word' id='word_1_318' title='bbox 1520 3842 1611 3895; x_wconf 75' lang='grc' dir='ltr'><strong>καὶ</strong></span> <span class='ocrx_word' id='word_1_319' title='bbox 1632 3841 1755 3895; x_wconf 75' lang='grc' dir='ltr'>ελα-</span> 
     </span>
    </p>
   </div>
   <div class='ocr_carea' id='block_1_47' title="bbox 172 3933 1757 4009">
    <p class='ocr_par' dir='ltr' id='par_1_47' title="bbox 172 3933 1757 4009">
     <span class='ocr_line' id='line_1_47' title="bbox 172 3933 1757 4009; baseline -0.003 -17"><span class='ocrx_word' id='word_1_320' title='bbox 172 3941 276 3992; x_wconf 80' lang='grc' dir='ltr'>6ον</span> <span class='ocrx_word' id='word_1_321' title='bbox 314 3938 414 4008; x_wconf 77' lang='grc' dir='ltr'>τὴν</span> <span class='ocrx_word' id='word_1_322' title='bbox 442 3936 636 4009; x_wconf 74' lang='grc' dir='ltr'><strong>ῥάϐδον</strong></span> <span class='ocrx_word' id='word_1_323' title='bbox 678 3954 779 4005; x_wconf 86' lang='grc' dir='ltr'>μου</span> <span class='ocrx_word' id='word_1_324' title='bbox 811 3938 910 4007; x_wconf 76' lang='grc' dir='ltr'>τὴν</span> <span class='ocrx_word' id='word_1_325' title='bbox 943 3937 1299 4007; x_wconf 70' lang='grc' dir='ltr'>εὐπρέπειαν,</span> <span class='ocrx_word' id='word_1_326' title='bbox 1328 3935 1421 3987; x_wconf 72' lang='grc' dir='ltr'><strong>καὶ</strong></span> <span class='ocrx_word' id='word_1_327' title='bbox 1456 3933 1757 4002; x_wconf 68' lang='grc' dir='ltr'>περιέκοψα</span> 
     </span>
    </p>
   </div>
   <div class='ocr_carea' id='block_1_48' title="bbox 172 4025 1753 4101">
    <p class='ocr_par' dir='ltr' id='par_1_48' title="bbox 172 4025 1753 4101">
     <span class='ocr_line' id='line_1_48' title="bbox 172 4025 1753 4101; baseline -0.005 -16"><span class='ocrx_word' id='word_1_328' title='bbox 172 4032 372 4101; x_wconf 81' lang='grc' dir='ltr'>αὐτήν.</span> <span class='ocrx_word' id='word_1_329' title='bbox 429 4033 509 4095; x_wconf 89' lang='lat'><strong>0&#39;,</strong></span> <span class='ocrx_word' id='word_1_330' title='bbox 537 4032 631 4083; x_wconf 80' lang='grc' dir='ltr'><strong>καὶ</strong></span> <span class='ocrx_word' id='word_1_331' title='bbox 657 4029 897 4099; x_wconf 74' lang='grc' dir='ltr'>λήψομαι</span> <span class='ocrx_word' id='word_1_332' title='bbox 928 4029 1026 4100; x_wconf 80' lang='grc' dir='ltr'><strong>τὴν</strong></span> <span class='ocrx_word' id='word_1_333' title='bbox 1076 4027 1270 4099; x_wconf 73' lang='grc' dir='ltr'>ρἅδον</span> <span class='ocrx_word' id='word_1_334' title='bbox 1311 4042 1411 4097; x_wconf 81' lang='grc' dir='ltr'>μου</span> <span class='ocrx_word' id='word_1_335' title='bbox 1434 4025 1531 4096; x_wconf 86' lang='grc' dir='ltr'>τὴν</span> <span class='ocrx_word' id='word_1_336' title='bbox 1561 4025 1753 4095; x_wconf 79' lang='grc' dir='ltr'>καλὴν,</span> 
     </span>
    </p>
   </div>
   <div class='ocr_carea' id='block_1_49' title="bbox 174 4121 815 4193">
    <p class='ocr_par' dir='ltr' id='par_1_49' title="bbox 174 4121 815 4193">
     <span class='ocr_line' id='line_1_49' title="bbox 174 4121 815 4193; baseline -0.002 -18"><span class='ocrx_word' id='word_1_337' title='bbox 174 4123 277 4175; x_wconf 76' lang='grc' dir='ltr'><strong>καὶ</strong></span> <span class='ocrx_word' id='word_1_338' title='bbox 302 4122 598 4193; x_wconf 71' lang='grc' dir='ltr'><strong>ἀπορρίψω</strong></span> <span class='ocrx_word' id='word_1_339' title='bbox 627 4121 815 4191; x_wconf 81' lang='grc' dir='ltr'>αὑτήν.</span> 
     </span>
    </p>
   </div>
   <div class='ocr_carea' id='block_1_50' title="bbox 173 4292 1755 4381">
    <p class='ocr_par' dir='ltr' id='par_1_50' title="bbox 173 4292 1755 4381">
     <span class='ocr_line' id='line_1_50' title="bbox 173 4292 1755 4381; baseline -0.008 -24"><span class='ocrx_word' id='word_1_340' title='bbox 173 4305 285 4356; x_wconf 65' lang='grc' dir='ltr'><strong>ΤΝ</strong></span> <span class='ocrx_word' id='word_1_341' title='bbox 320 4305 572 4355; x_wconf 57' lang='grc' dir='ltr'>ΒδἾωΠ</span> <span class='ocrx_word' id='word_1_342' title='bbox 598 4304 738 4381; x_wconf 46' lang='lat' dir='ltr'><strong>{tum</strong></span> <span class='ocrx_word' id='word_1_343' title='bbox 770 4303 879 4358; x_wconf 62' lang='grc' dir='ltr'><strong>’νιν</strong></span> <span class='ocrx_word' id='word_1_344' title='bbox 913 4295 971 4348; x_wconf 93' lang='grc'><strong>11</strong></span> <span class='ocrx_word' id='word_1_345' title='bbox 1050 4294 1129 4349; x_wconf 75' lang='lat' dir='ltr'><strong>‘A.</strong></span> <span class='ocrx_word' id='word_1_346' title='bbox 1152 4293 1355 4363; x_wconf 80' lang='grc' dir='ltr'>πτωχοὶ</span> <span class='ocrx_word' id='word_1_347' title='bbox 1384 4292 1477 4346; x_wconf 81' lang='grc' dir='ltr'>τοῦ</span> <span class='ocrx_word' id='word_1_348' title='bbox 1505 4293 1755 4361; x_wconf 70' lang='grc' dir='ltr'>ποιμνίου</span> 
     </span>
    </p>
   </div>
   <div class='ocr_carea' id='block_1_51' title="bbox 179 4385 1756 4461">
    <p class='ocr_par' dir='ltr' id='par_1_51' title="bbox 179 4385 1756 4461">
     <span class='ocr_line' id='line_1_51' title="bbox 179 4385 1756 4461; baseline -0.003 -17"><span class='ocrx_word' id='word_1_349' title='bbox 179 4408 285 4461; x_wconf 80' lang='grc' dir='ltr'><strong>μου</strong></span> <span class='ocrx_word' id='word_1_350' title='bbox 321 4391 371 4443; x_wconf 82' lang='grc' dir='ltr'><strong>οἱ</strong></span> <span class='ocrx_word' id='word_1_351' title='bbox 401 4389 801 4459; x_wconf 69' lang='grc' dir='ltr'>φυλασσόμενοξ</span> <span class='ocrx_word' id='word_1_352' title='bbox 825 4405 912 4457; x_wconf 81' lang='grc' dir='ltr'><strong>με.</strong></span> <span class='ocrx_word' id='word_1_353' title='bbox 945 4389 1025 4453; x_wconf 89' lang='lat'><strong>0&#39;,</strong></span> <span class='ocrx_word' id='word_1_354' title='bbox 1059 4390 1106 4441; x_wconf 76' lang='lat' dir='ltr'><strong>oi</strong></span> <span class='ocrx_word' id='word_1_355' title='bbox 1137 4389 1429 4441; x_wconf 79' lang='grc' dir='ltr'>Χαναναῖοι</span> <span class='ocrx_word' id='word_1_356' title='bbox 1455 4387 1525 4441; x_wconf 80' lang='grc' dir='ltr'>τὰ</span> <span class='ocrx_word' id='word_1_357' title='bbox 1551 4385 1756 4457; x_wconf 76' lang='grc' dir='ltr'><strong>πρόϐα-</strong></span> 
     </span>
    </p>
   </div>
   <div class='ocr_carea' id='block_1_52' title="bbox 173 4481 903 4552">
    <p class='ocr_par' dir='ltr' id='par_1_52' title="bbox 173 4481 903 4552">
     <span class='ocr_line' id='line_1_52' title="bbox 173 4481 903 4552; baseline -0.004 -15"><span class='ocrx_word' id='word_1_358' title='bbox 173 4500 247 4538; x_wconf 78' lang='grc' dir='ltr'><strong>τα</strong></span> <span class='ocrx_word' id='word_1_359' title='bbox 272 4485 346 4537; x_wconf 80' lang='grc' dir='ltr'>τὰ</span> <span class='ocrx_word' id='word_1_360' title='bbox 374 4481 762 4552; x_wconf 73' lang='grc' dir='ltr'>φυλασσόμενα</span> <span class='ocrx_word' id='word_1_361' title='bbox 792 4497 903 4548; x_wconf 79' lang='grc' dir='ltr'><strong>μοι.</strong></span> 
     </span>
    </p>
   </div>
   <div class='ocr_carea' id='block_1_53' title="bbox 173 4640 1759 4753">
    <p class='ocr_par' dir='ltr' id='par_1_53' title="bbox 173 4640 1759 4753">
     <span class='ocr_line' id='line_1_53' title="bbox 173 4640 1759 4753; baseline -0.007 -29"><span class='ocrx_word' id='word_1_362' title='bbox 173 4675 292 4753; x_wconf 66' lang='grc' dir='ltr'><strong>πρ)</strong></span> <span class='ocrx_word' id='word_1_363' title='bbox 327 4671 537 4722; x_wconf 67' lang='lat' dir='ltr'><strong>suam</strong></span> <span class='ocrx_word' id='word_1_364' title='bbox 562 4670 824 4720; x_wconf 57' lang='grc' dir='ltr'><strong>’Ἕω-ΠΝ</strong></span> <span class='ocrx_word' id='word_1_365' title='bbox 852 4640 1041 4746; x_wconf 65' lang='grc' dir='ltr'><strong>ὑριυη</strong></span> <span class='ocrx_word' id='word_1_366' title='bbox 1072 4658 1138 4712; x_wconf 68' lang='lat'><strong>12</strong></span> <span class='ocrx_word' id='word_1_367' title='bbox 1211 4658 1291 4711; x_wconf 79' lang='grc' dir='ltr'><strong>Ἀ.</strong></span> <span class='ocrx_word' id='word_1_368' title='bbox 1323 4660 1398 4723; x_wconf 72' lang='lat'><strong>0’,</strong></span> <span class='ocrx_word' id='word_1_369' title='bbox 1422 4658 1512 4711; x_wconf 77' lang='grc' dir='ltr'>καὶ</span> <span class='ocrx_word' id='word_1_370' title='bbox 1528 4658 1759 4729; x_wconf 72' lang='grc' dir='ltr'>ἔστησαν</span> 
     </span>
    </p>
   </div>
   <div class='ocr_carea' id='block_1_54' title="bbox 172 4750 1759 4824">
    <p class='ocr_par' dir='ltr' id='par_1_54' title="bbox 172 4750 1759 4824">
     <span class='ocr_line' id='line_1_54' title="bbox 172 4750 1759 4824; baseline -0.005 -14"><span class='ocrx_word' id='word_1_371' title='bbox 172 4750 270 4810; x_wconf 76' lang='grc' dir='ltr'>τδν</span> <span class='ocrx_word' id='word_1_372' title='bbox 310 4753 507 4824; x_wconf 79' lang='grc' dir='ltr'>μισθόν</span> <span class='ocrx_word' id='word_1_373' title='bbox 535 4769 635 4823; x_wconf 88' lang='grc' dir='ltr'><strong>μου</strong></span> <span class='ocrx_word' id='word_1_374' title='bbox 666 4752 962 4823; x_wconf 81' lang='grc' dir='ltr'>τριάκοντα</span> <span class='ocrx_word' id='word_1_375' title='bbox 985 4750 1280 4821; x_wconf 77' lang='grc' dir='ltr'><strong>ἀργυροῦς.</strong></span> <span class='ocrx_word' id='word_1_376' title='bbox 1301 4751 1357 4802; x_wconf 86' lang='grc' dir='ltr'><strong>Σ.</strong></span> <span class='ocrx_word' id='word_1_377' title='bbox 1390 4751 1483 4803; x_wconf 72' lang='grc' dir='ltr'>καὶ</span> <span class='ocrx_word' id='word_1_378' title='bbox 1501 4750 1759 4821; x_wconf 77' lang='grc' dir='ltr'>ὲστάομιο</span> 
     </span>
    </p>
   </div>
   <div class='ocr_carea' id='block_1_55' title="bbox 175 4844 1405 4919">
    <p class='ocr_par' dir='ltr' id='par_1_55' title="bbox 175 4844 1405 4919">
     <span class='ocr_line' id='line_1_55' title="bbox 175 4844 1405 4919; baseline -0.007 -13"><span class='ocrx_word' id='word_1_379' title='bbox 175 4868 284 4906; x_wconf 83' lang='grc' dir='ltr'><strong>σαν</strong></span> <span class='ocrx_word' id='word_1_380' title='bbox 312 4850 407 4905; x_wconf 72' lang='grc' dir='ltr'>τὸν</span> <span class='ocrx_word' id='word_1_381' title='bbox 433 4848 623 4919; x_wconf 77' lang='grc' dir='ltr'>μισθόν</span> <span class='ocrx_word' id='word_1_382' title='bbox 656 4865 757 4918; x_wconf 86' lang='grc' dir='ltr'>μου</span> <span class='ocrx_word' id='word_1_383' title='bbox 788 4846 1081 4917; x_wconf 85' lang='grc' dir='ltr'>τριάκοντα</span> <span class='ocrx_word' id='word_1_384' title='bbox 1111 4844 1405 4917; x_wconf 82' lang='grc' dir='ltr'><strong>ἀργυροῦς.</strong></span> 
     </span>
    </p>
   </div>
   <div class='ocr_carea' id='block_1_56' title="bbox 173 4921 1691 5027">
    <p class='ocr_par' dir='ltr' id='par_1_56' title="bbox 173 4921 1691 5027">
     <span class='ocr_line' id='line_1_56' title="bbox 173 4921 1691 5027; baseline -0.003 -26"><span class='ocrx_word' id='word_1_385' title='bbox 173 4954 317 5027; x_wconf 55' lang='lat' dir='ltr'><strong>mare</strong></span> <span class='ocrx_word' id='word_1_386' title='bbox 340 4951 488 5027; x_wconf 65' lang='grc' dir='ltr'><strong>ηρνη</strong></span> <span class='ocrx_word' id='word_1_387' title='bbox 511 4951 627 4999; x_wconf 57' lang='lat' dir='ltr'><strong>Tm</strong></span> <span class='ocrx_word' id='word_1_388' title='bbox 659 4923 930 4999; x_wconf 57' lang='lat' dir='ltr'><strong>ann-5a</strong></span> <span class='ocrx_word' id='word_1_389' title='bbox 965 4922 1203 4997; x_wconf 41' lang='lat' dir='ltr'><strong>verbum</strong></span> <span class='ocrx_word' id='word_1_390' title='bbox 1232 4921 1478 4995; x_wconf 63' lang='lat' dir='ltr'><strong>vBu&#39;m-u</strong></span> <span class='ocrx_word' id='word_1_391' title='bbox 1513 4945 1691 4997; x_wconf 52' lang='lat' dir='ltr'><strong>nam</strong></span> 
     </span>
    </p>
   </div>
   <div class='ocr_carea' id='block_1_57' title="bbox 174 5020 1758 5117">
    <p class='ocr_par' dir='ltr' id='par_1_57' title="bbox 174 5020 1758 5117">
     <span class='ocr_line' id='line_1_57' title="bbox 174 5020 1758 5117; baseline -0.008 -23"><span class='ocrx_word' id='word_1_392' title='bbox 448 5040 614 5117; x_wconf 66' lang='grc' dir='ltr'><strong>’τιᾫῖ</strong></span> <span class='ocrx_word' id='word_1_393' title='bbox 699 5031 779 5084; x_wconf 79' lang='lat' dir='ltr'><strong>&#39;A.</strong></span> <span class='ocrx_word' id='word_1_394' title='bbox 804 5032 900 5084; x_wconf 75' lang='grc' dir='ltr'>καὶ</span> <span class='ocrx_word' id='word_1_395' title='bbox 919 5026 1041 5083; x_wconf 77' lang='grc' dir='ltr'><strong>εἷπε</strong></span> <span class='ocrx_word' id='word_1_396' title='bbox 1070 5027 1272 5099; x_wconf 84' lang='grc' dir='ltr'>Κύριος</span> <span class='ocrx_word' id='word_1_397' title='bbox 1306 5028 1441 5098; x_wconf 81' lang='grc' dir='ltr'><strong>πρὸς</strong></span> <span class='ocrx_word' id='word_1_398' title='bbox 1461 5028 1548 5098; x_wconf 84' lang='grc' dir='ltr'><strong>μὲ,</strong></span> <span class='ocrx_word' id='word_1_399' title='bbox 1577 5026 1758 5097; x_wconf 72' lang='grc' dir='ltr'>Ῥίψον</span> 
     </span>
    </p>
   </div>
   <div class='ocr_carea' id='block_1_58' title="bbox 176 5120 1768 5197">
    <p class='ocr_par' dir='ltr' id='par_1_58' title="bbox 176 5120 1768 5197">
     <span class='ocr_line' id='line_1_58' title="bbox 176 5120 1768 5197; baseline -0.005 -16"><span class='ocrx_word' id='word_1_400' title='bbox 176 5129 329 5181; x_wconf 82' lang='grc' dir='ltr'>αὐτὰ</span> <span class='ocrx_word' id='word_1_401' title='bbox 350 5126 491 5197; x_wconf 78' lang='grc' dir='ltr'>πρὸς</span> <span class='ocrx_word' id='word_1_402' title='bbox 518 5126 610 5177; x_wconf 83' lang='grc' dir='ltr'><strong>τὸν</strong></span> <span class='ocrx_word' id='word_1_403' title='bbox 634 5123 878 5194; x_wconf 79' lang='grc' dir='ltr'>πλάστην</span> <span class='ocrx_word' id='word_1_404' title='bbox 899 5140 912 5154; x_wconf 92' lang='grc'><strong>·</strong></span> <span class='ocrx_word' id='word_1_405' title='bbox 944 5121 1328 5191; x_wconf 76' lang='grc' dir='ltr'><strong>ὑπερμεγέθης</strong></span> <span class='ocrx_word' id='word_1_406' title='bbox 1353 5122 1386 5189; x_wconf 83' lang='grc' dir='ltr'>ὴ</span> <span class='ocrx_word' id='word_1_407' title='bbox 1410 5120 1543 5189; x_wconf 79' lang='grc' dir='ltr'>τιμὴ</span> <span class='ocrx_word' id='word_1_408' title='bbox 1570 5121 1636 5190; x_wconf 79' lang='grc' dir='ltr'>ἢν</span> <span class='ocrx_word' id='word_1_409' title='bbox 1661 5120 1768 5173; x_wconf 82' lang='grc' dir='ltr'>ἑτι·</span> 
     </span>
    </p>
   </div>
   <div class='ocr_carea' id='block_1_59' title="bbox 182 5210 1764 5293">
    <p class='ocr_par' dir='ltr' id='par_1_59' title="bbox 182 5210 1764 5293">
     <span class='ocr_line' id='line_1_59' title="bbox 182 5210 1764 5293; baseline -0.006 -20"><span class='ocrx_word' id='word_1_410' title='bbox 182 5219 372 5293; x_wconf 76' lang='grc' dir='ltr'><strong>μήθην</strong></span> <span class='ocrx_word' id='word_1_411' title='bbox 398 5220 491 5271; x_wconf 81' lang='grc' dir='ltr'><strong>ὑπ’</strong></span> <span class='ocrx_word' id='word_1_412' title='bbox 515 5216 713 5271; x_wconf 80' lang='grc' dir='ltr'>αὐτῶν.</span> <span class='ocrx_word' id='word_1_413' title='bbox 739 5218 814 5281; x_wconf 86' lang='grc' dir='ltr'><strong>Ο¹,</strong></span> <span class='ocrx_word' id='word_1_414' title='bbox 848 5216 940 5269; x_wconf 73' lang='grc' dir='ltr'>καὶ</span> <span class='ocrx_word' id='word_1_415' title='bbox 965 5210 1086 5266; x_wconf 77' lang='grc' dir='ltr'><strong>εἷπε</strong></span> <span class='ocrx_word' id='word_1_416' title='bbox 1133 5212 1333 5281; x_wconf 81' lang='grc' dir='ltr'>Κύριος</span> <span class='ocrx_word' id='word_1_417' title='bbox 1365 5210 1501 5281; x_wconf 79' lang='grc' dir='ltr'>πρὸς</span> <span class='ocrx_word' id='word_1_418' title='bbox 1528 5211 1614 5279; x_wconf 81' lang='grc' dir='ltr'><strong>μὲ,</strong></span> <span class='ocrx_word' id='word_1_419' title='bbox 1646 5212 1764 5264; x_wconf 81' lang='grc' dir='ltr'>Κά-</span> 
     </span>
    </p>
   </div>
   <div class='ocr_carea' id='block_1_60' title="bbox 179 5301 1764 5377">
    <p class='ocr_par' dir='ltr' id='par_1_60' title="bbox 179 5301 1764 5377">
     <span class='ocr_line' id='line_1_60' title="bbox 179 5301 1764 5377; baseline -0.006 -12"><span class='ocrx_word' id='word_1_420' title='bbox 179 5311 281 5376; x_wconf 75' lang='lat' dir='ltr'><strong>Os;</strong></span> <span class='ocrx_word' id='word_1_421' title='bbox 309 5312 509 5373; x_wconf 81' lang='grc' dir='ltr'>αὐτοὺς</span> <span class='ocrx_word' id='word_1_422' title='bbox 534 5310 612 5369; x_wconf 84' lang='grc' dir='ltr'><strong>εἰς</strong></span> <span class='ocrx_word' id='word_1_423' title='bbox 640 5308 700 5361; x_wconf 81' lang='grc' dir='ltr'>τὸ</span> <span class='ocrx_word' id='word_1_424' title='bbox 735 5308 1122 5377; x_wconf 76' lang='grc' dir='ltr'>χωνευτήριον,</span> <span class='ocrx_word' id='word_1_425' title='bbox 1163 5304 1259 5356; x_wconf 77' lang='grc' dir='ltr'>καὶ</span> <span class='ocrx_word' id='word_1_426' title='bbox 1284 5301 1556 5371; x_wconf 72' lang='grc' dir='ltr'>σκέψομαι</span> <span class='ocrx_word' id='word_1_427' title='bbox 1590 5304 1637 5355; x_wconf 79' lang='grc' dir='ltr'>εἰ</span> <span class='ocrx_word' id='word_1_428' title='bbox 1676 5302 1764 5355; x_wconf 84' lang='grc' dir='ltr'><strong>δό-</strong></span> 
     </span>
    </p>
   </div>
   <div class='ocr_carea' id='block_1_61' title="bbox 180 5393 1633 5471">
    <p class='ocr_par' dir='ltr' id='par_1_61' title="bbox 180 5393 1633 5471">
     <span class='ocr_line' id='line_1_61' title="bbox 180 5393 1633 5471; baseline -0.008 -14"><span class='ocrx_word' id='word_1_429' title='bbox 180 5404 354 5471; x_wconf 73' lang='grc' dir='ltr'>κιμόν</span> <span class='ocrx_word' id='word_1_430' title='bbox 379 5406 550 5467; x_wconf 71' lang='grc' dir='ltr'>ἐστιν,</span> <span class='ocrx_word' id='word_1_431' title='bbox 574 5402 633 5454; x_wconf 82' lang='grc' dir='ltr'>ὃν</span> <span class='ocrx_word' id='word_1_432' title='bbox 659 5402 857 5470; x_wconf 80' lang='grc' dir='ltr'>τρόπον</span> <span class='ocrx_word' id='word_1_433' title='bbox 881 5396 1243 5467; x_wconf 80' lang='grc' dir='ltr'>ἐδοκιμάσθην</span> <span class='ocrx_word' id='word_1_434' title='bbox 1266 5395 1404 5465; x_wconf 83' lang='grc' dir='ltr'>ὑπὲρ</span> <span class='ocrx_word' id='word_1_435' title='bbox 1433 5393 1633 5447; x_wconf 76' lang='grc' dir='ltr'>αὐτῶν.</span> 
     </span>
    </p>
   </div>
   <div class='ocr_carea' id='block_1_62' title="bbox 1932 2180 3420 2261">
    <p class='ocr_par' dir='ltr' id='par_1_62' title="bbox 1932 2180 3420 2261">
     <span class='ocr_line' id='line_1_62' title="bbox 1932 2180 3420 2261; baseline 0.007 -27"><span class='ocrx_word' id='word_1_436' title='bbox 1932 2181 1982 2234; x_wconf 91' lang='lat'><strong>7.</strong></span> <span class='ocrx_word' id='word_1_437' title='bbox 2010 2180 2144 2237; x_wconf 88' lang='lat' dir='ltr'><strong>lleb.</strong></span> <span class='ocrx_word' id='word_1_438' title='bbox 2181 2181 2345 2248; x_wconf 88' lang='lat' dir='ltr'><strong>LXX,</strong></span> <span class='ocrx_word' id='word_1_439' title='bbox 2378 2180 2501 2237; x_wconf 83' lang='lat' dir='ltr'><strong>Vul.</strong></span> <span class='ocrx_word' id='word_1_440' title='bbox 2529 2183 2666 2241; x_wconf 83' lang='lat' dir='ltr'><strong>duas</strong></span> <span class='ocrx_word' id='word_1_441' title='bbox 2694 2185 2892 2257; x_wconf 83' lang='lat' dir='ltr'><strong>virgas.</strong></span> <span class='ocrx_word' id='word_1_442' title='bbox 2924 2187 3098 2255; x_wconf 77' lang='lat' dir='ltr'><strong>Alius,</strong></span> <span class='ocrx_word' id='word_1_443' title='bbox 3139 2187 3274 2243; x_wconf 85' lang='lat' dir='ltr'><strong>duas</strong></span> <span class='ocrx_word' id='word_1_444' title='bbox 3307 2202 3420 2261; x_wconf 74' lang='lat' dir='ltr'><strong>scy-</strong></span> 
     </span>
    </p>
   </div>
   <div class='ocr_carea' id='block_1_63' title="bbox 1853 2270 2011 2325">
    <p class='ocr_par' dir='ltr' id='par_1_63' title="bbox 1853 2270 2011 2325">
     <span class='ocr_line' id='line_1_63' title="bbox 1853 2270 2011 2325; baseline -0.013 0"><span class='ocrx_word' id='word_1_445' title='bbox 1853 2270 2011 2325; x_wconf 87' lang='lat' dir='ltr'><strong>talas.</strong></span> 
     </span>
    </p>
   </div>
   <div class='ocr_carea' id='block_1_64' title="bbox 1924 2360 3429 2433">
    <p class='ocr_par' dir='ltr' id='par_1_64' title="bbox 1924 2360 3429 2433">
     <span class='ocr_line' id='line_1_64' title="bbox 1924 2360 3429 2433; baseline 0.009 -19"><span class='ocrx_word' id='word_1_446' title='bbox 1924 2360 2061 2417; x_wconf 89' lang='lat' dir='ltr'><strong>lleb.</strong></span> <span class='ocrx_word' id='word_1_447' title='bbox 2104 2379 2266 2418; x_wconf 89' lang='lat' dir='ltr'><strong>unam</strong></span> <span class='ocrx_word' id='word_1_448' title='bbox 2310 2366 2497 2421; x_wconf 85' lang='lat' dir='ltr'><strong>vocavi</strong></span> <span class='ocrx_word' id='word_1_449' title='bbox 2526 2365 2722 2433; x_wconf 83' lang='lat' dir='ltr'><strong>Noam,</strong></span> <span class='ocrx_word' id='word_1_450' title='bbox 2757 2376 2814 2424; x_wconf 92' lang='lat' dir='ltr'><strong>et</strong></span> <span class='ocrx_word' id='word_1_451' title='bbox 2864 2384 3029 2424; x_wconf 91' lang='lat' dir='ltr'><strong>unam</strong></span> <span class='ocrx_word' id='word_1_452' title='bbox 3084 2373 3271 2427; x_wconf 83' lang='lat' dir='ltr'><strong>vocavi</strong></span> <span class='ocrx_word' id='word_1_453' title='bbox 3319 2370 3429 2427; x_wconf 86' lang='lat' dir='ltr'><strong>llo-</strong></span> 
     </span>
    </p>
   </div>
   <div class='ocr_carea' id='block_1_65' title="bbox 1854 2453 3426 2528">
    <p class='ocr_par' dir='ltr' id='par_1_65' title="bbox 1854 2453 3426 2528">
     <span class='ocr_line' id='line_1_65' title="bbox 1854 2453 3426 2528; baseline 0.007 -20"><span class='ocrx_word' id='word_1_454' title='bbox 1854 2453 2043 2510; x_wconf 89' lang='lat' dir='ltr'><strong>belim.</strong></span> <span class='ocrx_word' id='word_1_455' title='bbox 2074 2458 2139 2510; x_wconf 84' lang='lat' dir='ltr'><strong>A.</strong></span> <span class='ocrx_word' id='word_1_456' title='bbox 2181 2456 2301 2511; x_wconf 84' lang='lat' dir='ltr'><strong>Vul.</strong></span> <span class='ocrx_word' id='word_1_457' title='bbox 2336 2473 2499 2513; x_wconf 89' lang='lat' dir='ltr'><strong>uuam</strong></span> <span class='ocrx_word' id='word_1_458' title='bbox 2547 2460 2736 2515; x_wconf 83' lang='lat' dir='ltr'><strong>vocavi</strong></span> <span class='ocrx_word' id='word_1_459' title='bbox 2781 2461 3054 2528; x_wconf 90' lang='lat' dir='ltr'><strong>decorem,</strong></span> <span class='ocrx_word' id='word_1_460' title='bbox 3092 2472 3146 2518; x_wconf 88' lang='lat' dir='ltr'><strong>et</strong></span> <span class='ocrx_word' id='word_1_461' title='bbox 3201 2466 3426 2519; x_wconf 87' lang='lat' dir='ltr'><strong>alteram</strong></span> 
     </span>
    </p>
   </div>
   <div class='ocr_carea' id='block_1_66' title="bbox 1854 2545 3430 2620">
    <p class='ocr_par' dir='ltr' id='par_1_66' title="bbox 1854 2545 3430 2620">
     <span class='ocr_line' id='line_1_66' title="bbox 1854 2545 3430 2620; baseline 0.006 -22"><span class='ocrx_word' id='word_1_462' title='bbox 1854 2546 2043 2599; x_wconf 85' lang='lat' dir='ltr'><strong>vocavi</strong></span> <span class='ocrx_word' id='word_1_463' title='bbox 2104 2545 2427 2602; x_wconf 85' lang='lat' dir='ltr'><strong>funiculum.</strong></span> <span class='ocrx_word' id='word_1_464' title='bbox 2472 2548 2531 2603; x_wconf 89' lang='lat' dir='ltr'><strong>S.</strong></span> <span class='ocrx_word' id='word_1_465' title='bbox 2570 2550 2797 2605; x_wconf 87' lang='lat' dir='ltr'><strong>alteram</strong></span> <span class='ocrx_word' id='word_1_466' title='bbox 2838 2551 3057 2620; x_wconf 85' lang='lat' dir='ltr'><strong>quidem</strong></span> <span class='ocrx_word' id='word_1_467' title='bbox 3104 2553 3293 2607; x_wconf 85' lang='lat' dir='ltr'><strong>vocavi</strong></span> <span class='ocrx_word' id='word_1_468' title='bbox 3330 2554 3430 2608; x_wconf 81' lang='lat' dir='ltr'><strong>de-</strong></span> 
     </span>
    </p>
   </div>
   <div class='ocr_carea' id='block_1_67' title="bbox 1854 2639 3426 2709">
    <p class='ocr_par' dir='ltr' id='par_1_67' title="bbox 1854 2639 3426 2709">
     <span class='ocr_line' id='line_1_67' title="bbox 1854 2639 3426 2709; baseline 0.008 -21"><span class='ocrx_word' id='word_1_469' title='bbox 1854 2650 2059 2700; x_wconf 83' lang='lat' dir='ltr'><strong>corem,</strong></span> <span class='ocrx_word' id='word_1_470' title='bbox 2105 2652 2267 2691; x_wconf 88' lang='lat' dir='ltr'><strong>unam</strong></span> <span class='ocrx_word' id='word_1_471' title='bbox 2318 2653 2447 2693; x_wconf 83' lang='lat' dir='ltr'><strong>vero</strong></span> <span class='ocrx_word' id='word_1_472' title='bbox 2478 2641 2663 2695; x_wconf 81' lang='lat' dir='ltr'><strong>vocavi</strong></span> <span class='ocrx_word' id='word_1_473' title='bbox 2714 2639 3037 2697; x_wconf 79' lang='lat' dir='ltr'><strong>funiculum.</strong></span> <span class='ocrx_word' id='word_1_474' title='bbox 3066 2642 3228 2709; x_wconf 87' lang='lat' dir='ltr'><strong>LXX,</strong></span> <span class='ocrx_word' id='word_1_475' title='bbox 3260 2661 3426 2701; x_wconf 85' lang='lat' dir='ltr'><strong>unam</strong></span> 
     </span>
    </p>
   </div>
   <div class='ocr_carea' id='block_1_68' title="bbox 1862 2728 3427 2799">
    <p class='ocr_par' dir='ltr' id='par_1_68' title="bbox 1862 2728 3427 2799">
     <span class='ocr_line' id='line_1_68' title="bbox 1862 2728 3427 2799; baseline 0.01 -21"><span class='ocrx_word' id='word_1_476' title='bbox 1862 2728 2051 2781; x_wconf 83' lang='lat' dir='ltr'><strong>vocavi</strong></span> <span class='ocrx_word' id='word_1_477' title='bbox 2092 2728 2572 2799; x_wconf 83' lang='lat' dir='ltr'><strong>pulchritudinem,</strong></span> <span class='ocrx_word' id='word_1_478' title='bbox 2623 2742 2675 2788; x_wconf 88' lang='lat' dir='ltr'><strong>et</strong></span> <span class='ocrx_word' id='word_1_479' title='bbox 2720 2733 2944 2789; x_wconf 87' lang='lat' dir='ltr'><strong>alteram</strong></span> <span class='ocrx_word' id='word_1_480' title='bbox 2991 2737 3177 2791; x_wconf 76' lang='lat' dir='ltr'><strong>vocavi</strong></span> <span class='ocrx_word' id='word_1_481' title='bbox 3206 2736 3427 2794; x_wconf 83' lang='lat' dir='ltr'><strong>funicu-</strong></span> 
     </span>
    </p>
   </div>
   <div class='ocr_carea' id='block_1_69' title="bbox 1853 2818 3168 2882">
    <p class='ocr_par' dir='ltr' id='par_1_69' title="bbox 1853 2818 3168 2882">
     <span class='ocr_line' id='line_1_69' title="bbox 1853 2818 3168 2882; baseline 0.007 -9"><span class='ocrx_word' id='word_1_482' title='bbox 1853 2818 1988 2873; x_wconf 91' lang='lat' dir='ltr'><strong>lum.</strong></span> <span class='ocrx_word' id='word_1_483' title='bbox 3165 2879 3168 2882; x_wconf 83' lang='lat'><strong>.</strong></span> 
     </span>
    </p>
   </div>
   <div class='ocr_carea' id='block_1_70' title="bbox 1923 2910 3429 2978">
    <p class='ocr_par' dir='ltr' id='par_1_70' title="bbox 1923 2910 3429 2978">
     <span class='ocr_line' id='line_1_70' title="bbox 1923 2910 3429 2978; baseline 0.009 -14"><span class='ocrx_word' id='word_1_484' title='bbox 1923 2911 1977 2965; x_wconf 87' lang='lat'><strong>8.</strong></span> <span class='ocrx_word' id='word_1_485' title='bbox 2021 2910 2154 2966; x_wconf 85' lang='lat' dir='ltr'><strong>lleb.</strong></span> <span class='ocrx_word' id='word_1_486' title='bbox 2186 2920 2241 2967; x_wconf 89' lang='lat' dir='ltr'><strong>et</strong></span> <span class='ocrx_word' id='word_1_487' title='bbox 2266 2912 2577 2968; x_wconf 84' lang='lat' dir='ltr'><strong>abbreviata</strong></span> <span class='ocrx_word' id='word_1_488' title='bbox 2604 2924 2689 2972; x_wconf 90' lang='lat' dir='ltr'><strong>est</strong></span> <span class='ocrx_word' id='word_1_489' title='bbox 2716 2918 2897 2973; x_wconf 79' lang='lat' dir='ltr'><strong>anima</strong></span> <span class='ocrx_word' id='word_1_490' title='bbox 2924 2935 3044 2976; x_wconf 90' lang='lat' dir='ltr'><strong>mea</strong></span> <span class='ocrx_word' id='word_1_491' title='bbox 3072 2919 3128 2976; x_wconf 89' lang='lat' dir='ltr'><strong>in</strong></span> <span class='ocrx_word' id='word_1_492' title='bbox 3157 2921 3259 2978; x_wconf 90' lang='lat' dir='ltr'><strong>eis.</strong></span> <span class='ocrx_word' id='word_1_493' title='bbox 3288 2922 3429 2978; x_wconf 82' lang='lat' dir='ltr'><strong>A.et</strong></span> 
     </span>
    </p>
   </div>
   <div class='ocr_carea' id='block_1_71' title="bbox 1852 3002 3429 3077">
    <p class='ocr_par' dir='ltr' id='par_1_71' title="bbox 1852 3002 3429 3077">
     <span class='ocr_line' id='line_1_71' title="bbox 1852 3002 3429 3077; baseline 0.01 -21"><span class='ocrx_word' id='word_1_494' title='bbox 1852 3002 2171 3058; x_wconf 81' lang='lat' dir='ltr'><strong>abbreviata</strong></span> <span class='ocrx_word' id='word_1_495' title='bbox 2204 3012 2289 3060; x_wconf 91' lang='lat' dir='ltr'><strong>est</strong></span> <span class='ocrx_word' id='word_1_496' title='bbox 2317 3006 2416 3075; x_wconf 85' lang='lat' dir='ltr'><strong>(al.</strong></span> <span class='ocrx_word' id='word_1_497' title='bbox 2443 3005 2642 3077; x_wconf 88' lang='lat' dir='ltr'><strong>timuit)</strong></span> <span class='ocrx_word' id='word_1_498' title='bbox 2673 3008 2854 3065; x_wconf 90' lang='lat' dir='ltr'><strong>anima</strong></span> <span class='ocrx_word' id='word_1_499' title='bbox 2903 3027 3020 3067; x_wconf 91' lang='lat' dir='ltr'><strong>mea</strong></span> <span class='ocrx_word' id='word_1_500' title='bbox 3054 3012 3107 3067; x_wconf 90' lang='lat' dir='ltr'><strong>in</strong></span> <span class='ocrx_word' id='word_1_501' title='bbox 3145 3014 3246 3070; x_wconf 90' lang='lat' dir='ltr'><strong>eis.</strong></span> <span class='ocrx_word' id='word_1_502' title='bbox 3282 3014 3340 3069; x_wconf 92' lang='lat' dir='ltr'><strong>S.</strong></span> <span class='ocrx_word' id='word_1_503' title='bbox 3372 3024 3429 3071; x_wconf 89' lang='lat' dir='ltr'><strong>et</strong></span> 
     </span>
    </p>
   </div>
   <div class='ocr_carea' id='block_1_72' title="bbox 1853 3093 3425 3172">
    <p class='ocr_par' dir='ltr' id='par_1_72' title="bbox 1853 3093 3425 3172">
     <span class='ocr_line' id='line_1_72' title="bbox 1853 3093 3425 3172; baseline 0.01 -24"><span class='ocrx_word' id='word_1_504' title='bbox 1853 3094 2038 3150; x_wconf 87' lang='lat' dir='ltr'><strong>animo</strong></span> <span class='ocrx_word' id='word_1_505' title='bbox 2066 3093 2238 3151; x_wconf 75' lang='lat' dir='ltr'><strong>deieci</strong></span> <span class='ocrx_word' id='word_1_506' title='bbox 2263 3096 2316 3151; x_wconf 90' lang='lat' dir='ltr'><strong>in</strong></span> <span class='ocrx_word' id='word_1_507' title='bbox 2351 3097 2452 3153; x_wconf 91' lang='lat' dir='ltr'><strong>eis.</strong></span> <span class='ocrx_word' id='word_1_508' title='bbox 2486 3096 2649 3163; x_wconf 87' lang='lat' dir='ltr'><strong>LXX,</strong></span> <span class='ocrx_word' id='word_1_509' title='bbox 2681 3101 3084 3172; x_wconf 79' lang='lat' dir='ltr'><strong>etingravescet</strong></span> <span class='ocrx_word' id='word_1_510' title='bbox 3108 3105 3425 3164; x_wconf 77' lang='lat' dir='ltr'><strong>auimamea</strong></span> 
     </span>
    </p>
   </div>
   <div class='ocr_carea' id='block_1_73' title="bbox 1853 3185 3426 3256">
    <p class='ocr_par' dir='ltr' id='par_1_73' title="bbox 1853 3185 3426 3256">
     <span class='ocr_line' id='line_1_73' title="bbox 1853 3185 3426 3256; baseline 0.007 -16"><span class='ocrx_word' id='word_1_511' title='bbox 1853 3200 2023 3256; x_wconf 84' lang='lat' dir='ltr'><strong>super</strong></span> <span class='ocrx_word' id='word_1_512' title='bbox 2052 3200 2168 3241; x_wconf 85' lang='lat' dir='ltr'><strong>eos.</strong></span> <span class='ocrx_word' id='word_1_513' title='bbox 2200 3185 2376 3243; x_wconf 85' lang='lat' dir='ltr'><strong>&#39;l‘b.et</strong></span> <span class='ocrx_word' id='word_1_514' title='bbox 2394 3187 2580 3243; x_wconf 87' lang='lat' dir='ltr'><strong>animo</strong></span> <span class='ocrx_word' id='word_1_515' title='bbox 2604 3189 2805 3245; x_wconf 79' lang='lat' dir='ltr'><strong>defecit</strong></span> <span class='ocrx_word' id='word_1_516' title='bbox 2836 3191 3019 3247; x_wconf 87' lang='lat' dir='ltr'><strong>anima</strong></span> <span class='ocrx_word' id='word_1_517' title='bbox 3067 3209 3190 3250; x_wconf 90' lang='lat' dir='ltr'><strong>mea</strong></span> <span class='ocrx_word' id='word_1_518' title='bbox 3225 3196 3279 3250; x_wconf 93' lang='lat' dir='ltr'><strong>in</strong></span> <span class='ocrx_word' id='word_1_519' title='bbox 3323 3198 3426 3251; x_wconf 84' lang='lat' dir='ltr'><strong>eis.</strong></span> 
     </span>
    </p>
   </div>
   <div class='ocr_carea' id='block_1_74' title="bbox 1854 3274 3038 3339">
    <p class='ocr_par' dir='ltr' id='par_1_74' title="bbox 1854 3274 3038 3339">
     <span class='ocr_line' id='line_1_74' title="bbox 1854 3274 3038 3339; baseline 0.007 -9"><span class='ocrx_word' id='word_1_520' title='bbox 1854 3274 1981 3331; x_wconf 75' lang='grc' dir='ltr'>ναι.</span> <span class='ocrx_word' id='word_1_521' title='bbox 2010 3285 2065 3333; x_wconf 89' lang='lat' dir='ltr'><strong>et</strong></span> <span class='ocrx_word' id='word_1_522' title='bbox 2090 3289 2371 3335; x_wconf 89' lang='lat' dir='ltr'><strong>contracta</strong></span> <span class='ocrx_word' id='word_1_523' title='bbox 2396 3289 2480 3334; x_wconf 89' lang='lat' dir='ltr'><strong>est</strong></span> <span class='ocrx_word' id='word_1_524' title='bbox 2504 3280 2687 3335; x_wconf 89' lang='lat' dir='ltr'><strong>anima</strong></span> <span class='ocrx_word' id='word_1_525' title='bbox 2718 3296 2838 3337; x_wconf 88' lang='lat' dir='ltr'><strong>mea</strong></span> <span class='ocrx_word' id='word_1_526' title='bbox 2861 3282 2915 3337; x_wconf 94' lang='lat' dir='ltr'><strong>in</strong></span> <span class='ocrx_word' id='word_1_527' title='bbox 2936 3282 3038 3339; x_wconf 89' lang='lat' dir='ltr'><strong>eis.</strong></span> 
     </span>
    </p>
   </div>
   <div class='ocr_carea' id='block_1_75' title="bbox 1929 3366 3424 3433">
    <p class='ocr_par' dir='ltr' id='par_1_75' title="bbox 1929 3366 3424 3433">
     <span class='ocr_line' id='line_1_75' title="bbox 1929 3366 3424 3433; baseline 0.006 -11"><span class='ocrx_word' id='word_1_528' title='bbox 1929 3367 1995 3423; x_wconf 81' lang='lat' dir='ltr'><strong>ll.</strong></span> <span class='ocrx_word' id='word_1_529' title='bbox 2033 3378 2088 3425; x_wconf 90' lang='lat' dir='ltr'><strong>et</strong></span> <span class='ocrx_word' id='word_1_530' title='bbox 2121 3371 2283 3425; x_wconf 88' lang='lat' dir='ltr'><strong>etiam</strong></span> <span class='ocrx_word' id='word_1_531' title='bbox 2316 3370 2499 3425; x_wconf 87' lang='lat' dir='ltr'><strong>anima</strong></span> <span class='ocrx_word' id='word_1_532' title='bbox 2531 3366 2722 3426; x_wconf 83' lang='lat' dir='ltr'><strong>eorum</strong></span> <span class='ocrx_word' id='word_1_533' title='bbox 2753 3374 3035 3429; x_wconf 82' lang='lat' dir='ltr'><strong>nauseavit</strong></span> <span class='ocrx_word' id='word_1_534' title='bbox 3071 3375 3126 3429; x_wconf 91' lang='lat' dir='ltr'><strong>in</strong></span> <span class='ocrx_word' id='word_1_535' title='bbox 3154 3376 3342 3431; x_wconf 82' lang='lat' dir='ltr'><strong>me.A.</strong></span> <span class='ocrx_word' id='word_1_536' title='bbox 3369 3386 3424 3433; x_wconf 90' lang='lat' dir='ltr'><strong>et</strong></span> 
     </span>
    </p>
   </div>
   <div class='ocr_carea' id='block_1_76' title="bbox 1856 3460 3426 3529">
    <p class='ocr_par' dir='ltr' id='par_1_76' title="bbox 1856 3460 3426 3529">
     <span class='ocr_line' id='line_1_76' title="bbox 1856 3460 3426 3529; baseline 0.006 -15"><span class='ocrx_word' id='word_1_537' title='bbox 1856 3460 2077 3529; x_wconf 88' lang='lat' dir='ltr'><strong>quidem</strong></span> <span class='ocrx_word' id='word_1_538' title='bbox 2106 3463 2289 3516; x_wconf 86' lang='lat' dir='ltr'><strong>anima</strong></span> <span class='ocrx_word' id='word_1_539' title='bbox 2319 3478 2511 3519; x_wconf 87' lang='lat' dir='ltr'><strong>eorum</strong></span> <span class='ocrx_word' id='word_1_540' title='bbox 2543 3465 2807 3520; x_wconf 89' lang='lat' dir='ltr'><strong>maturuit</strong></span> <span class='ocrx_word' id='word_1_541' title='bbox 2838 3465 2890 3519; x_wconf 93' lang='lat' dir='ltr'><strong>in</strong></span> <span class='ocrx_word' id='word_1_542' title='bbox 2932 3482 3039 3521; x_wconf 92' lang='lat' dir='ltr'><strong>me.</strong></span> <span class='ocrx_word' id='word_1_543' title='bbox 3071 3466 3128 3520; x_wconf 90' lang='lat' dir='ltr'><strong>S.</strong></span> <span class='ocrx_word' id='word_1_544' title='bbox 3159 3476 3215 3523; x_wconf 91' lang='lat' dir='ltr'><strong>et</strong></span> <span class='ocrx_word' id='word_1_545' title='bbox 3241 3469 3426 3525; x_wconf 84' lang='lat' dir='ltr'><strong>anima</strong></span> 
     </span>
    </p>
   </div>
   <div class='ocr_carea' id='block_1_77' title="bbox 1853 3554 3427 3627">
    <p class='ocr_par' dir='ltr' id='par_1_77' title="bbox 1853 3554 3427 3627">
     <span class='ocr_line' id='line_1_77' title="bbox 1853 3554 3427 3627; baseline 0.004 -20"><span class='ocrx_word' id='word_1_546' title='bbox 1853 3567 2045 3608; x_wconf 89' lang='lat' dir='ltr'><strong>eorum</strong></span> <span class='ocrx_word' id='word_1_547' title='bbox 2076 3554 2262 3610; x_wconf 85' lang='lat' dir='ltr'><strong>ﬂoruit</strong></span> <span class='ocrx_word' id='word_1_548' title='bbox 2283 3557 2337 3610; x_wconf 92' lang='lat' dir='ltr'><strong>in</strong></span> <span class='ocrx_word' id='word_1_549' title='bbox 2370 3572 2478 3611; x_wconf 88' lang='lat' dir='ltr'><strong>me.</strong></span> <span class='ocrx_word' id='word_1_550' title='bbox 2524 3556 2685 3621; x_wconf 80' lang='lat' dir='ltr'><strong>LXX,</strong></span> <span class='ocrx_word' id='word_1_551' title='bbox 2716 3558 2983 3627; x_wconf 86' lang='lat' dir='ltr'><strong>siquidem</strong></span> <span class='ocrx_word' id='word_1_552' title='bbox 3023 3568 3077 3613; x_wconf 88' lang='lat' dir='ltr'><strong>et</strong></span> <span class='ocrx_word' id='word_1_553' title='bbox 3109 3561 3303 3615; x_wconf 69' lang='lat' dir='ltr'><strong>anima:</strong></span> <span class='ocrx_word' id='word_1_554' title='bbox 3330 3576 3427 3615; x_wconf 87' lang='lat' dir='ltr'><strong>eo-</strong></span> 
     </span>
    </p>
   </div>
   <div class='ocr_carea' id='block_1_78' title="bbox 1855 3646 3424 3719">
    <p class='ocr_par' dir='ltr' id='par_1_78' title="bbox 1855 3646 3424 3719">
     <span class='ocr_line' id='line_1_78' title="bbox 1855 3646 3424 3719; baseline 0.005 -20"><span class='ocrx_word' id='word_1_555' title='bbox 1855 3661 1977 3700; x_wconf 87' lang='lat' dir='ltr'><strong>rum</strong></span> <span class='ocrx_word' id='word_1_556' title='bbox 2004 3646 2292 3717; x_wconf 82' lang='lat' dir='ltr'><strong>rugiebant</strong></span> <span class='ocrx_word' id='word_1_557' title='bbox 2322 3664 2486 3717; x_wconf 90' lang='lat' dir='ltr'><strong>super</strong></span> <span class='ocrx_word' id='word_1_558' title='bbox 2533 3664 2640 3703; x_wconf 90' lang='lat' dir='ltr'><strong>me.</strong></span> <span class='ocrx_word' id='word_1_559' title='bbox 2681 3647 2805 3703; x_wconf 82' lang='lat' dir='ltr'><strong>Vul.</strong></span> <span class='ocrx_word' id='word_1_560' title='bbox 2857 3649 3124 3719; x_wconf 88' lang='lat' dir='ltr'><strong>siquidem</strong></span> <span class='ocrx_word' id='word_1_561' title='bbox 3159 3660 3214 3707; x_wconf 92' lang='lat' dir='ltr'><strong>et</strong></span> <span class='ocrx_word' id='word_1_562' title='bbox 3243 3652 3424 3707; x_wconf 77' lang='lat' dir='ltr'><strong>anima</strong></span> 
     </span>
    </p>
   </div>
   <div class='ocr_carea' id='block_1_79' title="bbox 1855 3740 2528 3795">
    <p class='ocr_par' dir='ltr' id='par_1_79' title="bbox 1855 3740 2528 3795">
     <span class='ocr_line' id='line_1_79' title="bbox 1855 3740 2528 3795; baseline 0.001 -2"><span class='ocrx_word' id='word_1_563' title='bbox 1855 3754 2045 3794; x_wconf 85' lang='lat' dir='ltr'><strong>eorum</strong></span> <span class='ocrx_word' id='word_1_564' title='bbox 2084 3740 2315 3794; x_wconf 80' lang='lat' dir='ltr'><strong>variavit</strong></span> <span class='ocrx_word' id='word_1_565' title='bbox 2342 3742 2396 3794; x_wconf 92' lang='lat' dir='ltr'><strong>iu</strong></span> <span class='ocrx_word' id='word_1_566' title='bbox 2424 3757 2528 3795; x_wconf 90' lang='lat' dir='ltr'><strong>me.</strong></span> 
     </span>
    </p>
   </div>
   <div class='ocr_carea' id='block_1_80' title="bbox 1928 3830 3423 3903">
    <p class='ocr_par' dir='ltr' id='par_1_80' title="bbox 1928 3830 3423 3903">
     <span class='ocr_line' id='line_1_80' title="bbox 1928 3830 3423 3903; baseline 0.003 -18"><span class='ocrx_word' id='word_1_567' title='bbox 1928 3831 2018 3887; x_wconf 91' lang='grc'><strong>10.</strong></span> <span class='ocrx_word' id='word_1_568' title='bbox 2059 3831 2126 3887; x_wconf 87' lang='lat' dir='ltr'><strong>ll.</strong></span> <span class='ocrx_word' id='word_1_569' title='bbox 2169 3842 2224 3887; x_wconf 88' lang='lat' dir='ltr'><strong>et</strong></span> <span class='ocrx_word' id='word_1_570' title='bbox 2274 3833 2371 3887; x_wconf 88' lang='lat' dir='ltr'><strong>tuli</strong></span> <span class='ocrx_word' id='word_1_571' title='bbox 2414 3834 2622 3903; x_wconf 74' lang='lat' dir='ltr'><strong>virgam</strong></span> <span class='ocrx_word' id='word_1_572' title='bbox 2671 3847 2845 3887; x_wconf 84' lang='lat' dir='ltr'><strong>meam</strong></span> <span class='ocrx_word' id='word_1_573' title='bbox 2884 3830 3076 3898; x_wconf 87' lang='lat' dir='ltr'><strong>Noam,</strong></span> <span class='ocrx_word' id='word_1_574' title='bbox 3129 3842 3184 3888; x_wconf 90' lang='lat' dir='ltr'><strong>et</strong></span> <span class='ocrx_word' id='word_1_575' title='bbox 3214 3833 3423 3889; x_wconf 86' lang='lat' dir='ltr'><strong>abscidi</strong></span> 
     </span>
    </p>
   </div>
   <div class='ocr_carea' id='block_1_81' title="bbox 1856 3924 3421 3995">
    <p class='ocr_par' dir='ltr' id='par_1_81' title="bbox 1856 3924 3421 3995">
     <span class='ocr_line' id='line_1_81' title="bbox 1856 3924 3421 3995; baseline -0.001 -14"><span class='ocrx_word' id='word_1_576' title='bbox 1856 3942 1997 3981; x_wconf 86' lang='lat' dir='ltr'><strong>eam.</strong></span> <span class='ocrx_word' id='word_1_577' title='bbox 2027 3928 2092 3979; x_wconf 85' lang='lat' dir='ltr'><strong>A.</strong></span> <span class='ocrx_word' id='word_1_578' title='bbox 2111 3935 2164 3980; x_wconf 90' lang='lat' dir='ltr'><strong>et</strong></span> <span class='ocrx_word' id='word_1_579' title='bbox 2181 3925 2364 3994; x_wconf 87' lang='lat' dir='ltr'><strong>accepi</strong></span> <span class='ocrx_word' id='word_1_580' title='bbox 2393 3924 2597 3995; x_wconf 81' lang='lat' dir='ltr'><strong>virgam</strong></span> <span class='ocrx_word' id='word_1_581' title='bbox 2627 3941 2800 3979; x_wconf 89' lang='lat' dir='ltr'><strong>meam</strong></span> <span class='ocrx_word' id='word_1_582' title='bbox 2822 3925 3097 3990; x_wconf 87' lang='lat' dir='ltr'><strong>decorem,</strong></span> <span class='ocrx_word' id='word_1_583' title='bbox 3116 3935 3171 3979; x_wconf 95' lang='lat' dir='ltr'><strong>et</strong></span> <span class='ocrx_word' id='word_1_584' title='bbox 3190 3926 3421 3980; x_wconf 74' lang='lat' dir='ltr'><strong>circum.</strong></span> 
     </span>
    </p>
   </div>
   <div class='ocr_carea' id='block_1_82' title="bbox 1856 4014 3421 4085">
    <p class='ocr_par' dir='ltr' id='par_1_82' title="bbox 1856 4014 3421 4085">
     <span class='ocr_line' id='line_1_82' title="bbox 1856 4014 3421 4085; baseline -0.003 -13"><span class='ocrx_word' id='word_1_585' title='bbox 1856 4017 1962 4072; x_wconf 90' lang='lat' dir='ltr'><strong>cidi</strong></span> <span class='ocrx_word' id='word_1_586' title='bbox 1986 4032 2127 4071; x_wconf 86' lang='lat' dir='ltr'><strong>eam.</strong></span> <span class='ocrx_word' id='word_1_587' title='bbox 2154 4015 2317 4081; x_wconf 84' lang='lat' dir='ltr'><strong>LXX,</strong></span> <span class='ocrx_word' id='word_1_588' title='bbox 2332 4026 2386 4071; x_wconf 91' lang='lat' dir='ltr'><strong>et</strong></span> <span class='ocrx_word' id='word_1_589' title='bbox 2407 4031 2682 4071; x_wconf 90' lang='lat' dir='ltr'><strong>assumam</strong></span> <span class='ocrx_word' id='word_1_590' title='bbox 2698 4015 2902 4085; x_wconf 82' lang='lat' dir='ltr'><strong>virgam</strong></span> <span class='ocrx_word' id='word_1_591' title='bbox 2920 4030 3097 4070; x_wconf 85' lang='lat' dir='ltr'><strong>meam</strong></span> <span class='ocrx_word' id='word_1_592' title='bbox 3120 4014 3421 4085; x_wconf 83' lang='lat' dir='ltr'><strong>pulchram,</strong></span> 
     </span>
    </p>
   </div>
   <div class='ocr_carea' id='block_1_83' title="bbox 1858 4106 3422 4178">
    <p class='ocr_par' dir='ltr' id='par_1_83' title="bbox 1858 4106 3422 4178">
     <span class='ocr_line' id='line_1_83' title="bbox 1858 4106 3422 4178; baseline 0.001 -16"><span class='ocrx_word' id='word_1_593' title='bbox 1858 4116 1913 4163; x_wconf 92' lang='lat' dir='ltr'><strong>et</strong></span> <span class='ocrx_word' id='word_1_594' title='bbox 1940 4108 2223 4177; x_wconf 85' lang='lat' dir='ltr'><strong>projiciam</strong></span> <span class='ocrx_word' id='word_1_595' title='bbox 2254 4122 2395 4163; x_wconf 90' lang='lat' dir='ltr'><strong>eam.</strong></span> <span class='ocrx_word' id='word_1_596' title='bbox 2440 4106 2564 4161; x_wconf 83' lang='lat' dir='ltr'><strong>Vul.</strong></span> <span class='ocrx_word' id='word_1_597' title='bbox 2599 4116 2653 4161; x_wconf 89' lang='lat' dir='ltr'><strong>et</strong></span> <span class='ocrx_word' id='word_1_598' title='bbox 2690 4106 2786 4161; x_wconf 87' lang='lat' dir='ltr'><strong>tuli</strong></span> <span class='ocrx_word' id='word_1_599' title='bbox 2819 4106 3026 4177; x_wconf 80' lang='lat' dir='ltr'><strong>virgam</strong></span> <span class='ocrx_word' id='word_1_600' title='bbox 3066 4121 3265 4173; x_wconf 85' lang='lat' dir='ltr'><strong>meam,</strong></span> <span class='ocrx_word' id='word_1_601' title='bbox 3300 4122 3422 4178; x_wconf 74' lang='lat' dir='ltr'><strong>qua:</strong></span> 
     </span>
    </p>
   </div>
   <div class='ocr_carea' id='block_1_84' title="bbox 1859 4196 2863 4262">
    <p class='ocr_par' dir='ltr' id='par_1_84' title="bbox 1859 4196 2863 4262">
     <span class='ocr_line' id='line_1_84' title="bbox 1859 4196 2863 4262; baseline 0 -10"><span class='ocrx_word' id='word_1_602' title='bbox 1859 4200 2155 4254; x_wconf 87' lang='lat' dir='ltr'><strong>vocabatur</strong></span> <span class='ocrx_word' id='word_1_603' title='bbox 2188 4199 2372 4262; x_wconf 87' lang='lat' dir='ltr'><strong>decor,</strong></span> <span class='ocrx_word' id='word_1_604' title='bbox 2405 4208 2459 4253; x_wconf 90' lang='lat' dir='ltr'><strong>et</strong></span> <span class='ocrx_word' id='word_1_605' title='bbox 2492 4196 2697 4253; x_wconf 88' lang='lat' dir='ltr'><strong>abscidi</strong></span> <span class='ocrx_word' id='word_1_606' title='bbox 2723 4212 2863 4252; x_wconf 90' lang='lat' dir='ltr'><strong>eam.</strong></span> 
     </span>
    </p>
   </div>
   <div class='ocr_carea' id='block_1_85' title="bbox 1932 4286 3430 4359">
    <p class='ocr_par' dir='ltr' id='par_1_85' title="bbox 1932 4286 3430 4359">
     <span class='ocr_line' id='line_1_85' title="bbox 1932 4286 3430 4359; baseline -0.003 -14"><span class='ocrx_word' id='word_1_607' title='bbox 1932 4291 2019 4346; x_wconf 86' lang='grc'><strong>11.</strong></span> <span class='ocrx_word' id='word_1_608' title='bbox 2049 4290 2213 4345; x_wconf 84' lang='lat' dir='ltr'><strong>Hebr.</strong></span> <span class='ocrx_word' id='word_1_609' title='bbox 2252 4291 2435 4345; x_wconf 85' lang='lat' dir='ltr'><strong>alllicti</strong></span> <span class='ocrx_word' id='word_1_610' title='bbox 2469 4290 2680 4359; x_wconf 91' lang='lat' dir='ltr'><strong>pecoris</strong></span> <span class='ocrx_word' id='word_1_611' title='bbox 2699 4288 3066 4343; x_wconf 82' lang='lat' dir='ltr'><strong>custodientes</strong></span> <span class='ocrx_word' id='word_1_612' title='bbox 3090 4301 3196 4342; x_wconf 91' lang='lat' dir='ltr'><strong>me.</strong></span> <span class='ocrx_word' id='word_1_613' title='bbox 3214 4286 3278 4342; x_wconf 79' lang='grc' dir='ltr'><strong>Α.</strong></span> <span class='ocrx_word' id='word_1_614' title='bbox 3295 4302 3430 4355; x_wconf 81' lang='lat' dir='ltr'><strong>pau-</strong></span> 
     </span>
    </p>
   </div>
   <div class='ocr_carea' id='block_1_86' title="bbox 1860 4374 3428 4453">
    <p class='ocr_par' dir='ltr' id='par_1_86' title="bbox 1860 4374 3428 4453">
     <span class='ocr_line' id='line_1_86' title="bbox 1860 4374 3428 4453; baseline -0.005 -16"><span class='ocrx_word' id='word_1_615' title='bbox 1860 4397 2018 4453; x_wconf 90' lang='lat' dir='ltr'><strong>peres</strong></span> <span class='ocrx_word' id='word_1_616' title='bbox 2045 4382 2206 4436; x_wconf 91' lang='lat' dir='ltr'><strong>ovilis</strong></span> <span class='ocrx_word' id='word_1_617' title='bbox 2238 4381 2340 4435; x_wconf 88' lang='lat' dir='ltr'><strong>mei</strong></span> <span class='ocrx_word' id='word_1_618' title='bbox 2392 4379 2759 4434; x_wconf 90' lang='lat' dir='ltr'><strong>custodientes</strong></span> <span class='ocrx_word' id='word_1_619' title='bbox 2786 4392 2892 4431; x_wconf 91' lang='lat' dir='ltr'><strong>me.</strong></span> <span class='ocrx_word' id='word_1_620' title='bbox 2938 4374 3101 4441; x_wconf 84' lang='lat' dir='ltr'><strong>LXX,</strong></span> <span class='ocrx_word' id='word_1_621' title='bbox 3133 4374 3428 4430; x_wconf 61' lang='lat' dir='ltr'><strong>Chananwi</strong></span> 
     </span>
    </p>
   </div>
   <div class='ocr_carea' id='block_1_87' title="bbox 1861 4467 3447 4538">
    <p class='ocr_par' dir='ltr' id='par_1_87' title="bbox 1861 4467 3447 4538">
     <span class='ocr_line' id='line_1_87' title="bbox 1861 4467 3447 4538; baseline -0.004 -8"><span class='ocrx_word' id='word_1_622' title='bbox 1861 4489 1992 4530; x_wconf 85' lang='lat' dir='ltr'><strong>oves</strong></span> <span class='ocrx_word' id='word_1_623' title='bbox 2030 4473 2315 4528; x_wconf 57' lang='lat' dir='ltr'><strong>custodita}</strong></span> <span class='ocrx_word' id='word_1_624' title='bbox 2336 4471 2490 4526; x_wconf 88' lang='lat' dir='ltr'><strong>mihi.</strong></span> <span class='ocrx_word' id='word_1_625' title='bbox 2540 4468 2665 4523; x_wconf 79' lang='lat' dir='ltr'><strong>Vul.</strong></span> <span class='ocrx_word' id='word_1_626' title='bbox 2698 4484 2963 4538; x_wconf 90' lang='lat' dir='ltr'><strong>pauperes</strong></span> <span class='ocrx_word' id='word_1_627' title='bbox 3002 4467 3181 4538; x_wconf 83' lang='lat' dir='ltr'><strong>gregis</strong></span> <span class='ocrx_word' id='word_1_628' title='bbox 3213 4467 3308 4538; x_wconf 89' lang='lat' dir='ltr'><strong>qui</strong></span> <span class='ocrx_word' id='word_1_629' title='bbox 3333 4480 3447 4529; x_wconf 11' lang='lat' dir='ltr'><strong>ett-7</strong></span> 
     </span>
    </p>
   </div>
   <div class='ocr_carea' id='block_1_88' title="bbox 1862 4564 2292 4625">
    <p class='ocr_par' dir='ltr' id='par_1_88' title="bbox 1862 4564 2292 4625">
     <span class='ocr_line' id='line_1_88' title="bbox 1862 4564 2292 4625; baseline -0.019 0"><span class='ocrx_word' id='word_1_630' title='bbox 1862 4568 2107 4625; x_wconf 81' lang='lat' dir='ltr'><strong>stodiunt</strong></span> <span class='ocrx_word' id='word_1_631' title='bbox 2140 4564 2292 4619; x_wconf 83' lang='lat' dir='ltr'><strong>mihi.</strong></span> 
     </span>
    </p>
   </div>
   <div class='ocr_carea' id='block_1_89' title="bbox 1938 4652 3431 4722">
    <p class='ocr_par' dir='ltr' id='par_1_89' title="bbox 1938 4652 3431 4722">
     <span class='ocr_line' id='line_1_89' title="bbox 1938 4652 3431 4722; baseline -0.005 -8"><span class='ocrx_word' id='word_1_632' title='bbox 1938 4661 2024 4715; x_wconf 74' lang='lat' dir='ltr'><strong>l2.</strong></span> <span class='ocrx_word' id='word_1_633' title='bbox 2070 4660 2201 4713; x_wconf 89' lang='lat' dir='ltr'><strong>lleb.</strong></span> <span class='ocrx_word' id='word_1_634' title='bbox 2232 4657 2291 4711; x_wconf 88' lang='lat' dir='ltr'><strong>S.</strong></span> <span class='ocrx_word' id='word_1_635' title='bbox 2315 4655 2435 4713; x_wconf 87' lang='lat' dir='ltr'><strong>Vul.</strong></span> <span class='ocrx_word' id='word_1_636' title='bbox 2464 4664 2517 4708; x_wconf 90' lang='lat' dir='ltr'><strong>et</strong></span> <span class='ocrx_word' id='word_1_637' title='bbox 2539 4652 2913 4722; x_wconf 89' lang='lat' dir='ltr'><strong>appenderunt</strong></span> <span class='ocrx_word' id='word_1_638' title='bbox 2934 4653 3234 4707; x_wconf 88' lang='lat' dir='ltr'><strong>mercedem</strong></span> <span class='ocrx_word' id='word_1_639' title='bbox 3252 4664 3431 4707; x_wconf 88' lang='lat' dir='ltr'><strong>meam</strong></span> 
     </span>
    </p>
   </div>
   <div class='ocr_carea' id='block_1_90' title="bbox 1865 4743 3429 4823">
    <p class='ocr_par' dir='ltr' id='par_1_90' title="bbox 1865 4743 3429 4823">
     <span class='ocr_line' id='line_1_90' title="bbox 1865 4743 3429 4823; baseline -0.008 -15"><span class='ocrx_word' id='word_1_640' title='bbox 1865 4754 2085 4823; x_wconf 90' lang='lat' dir='ltr'><strong>triginta</strong></span> <span class='ocrx_word' id='word_1_641' title='bbox 2114 4759 2419 4821; x_wconf 89' lang='lat' dir='ltr'><strong>argenteos.</strong></span> <span class='ocrx_word' id='word_1_642' title='bbox 2439 4748 2501 4801; x_wconf 85' lang='lat' dir='ltr'><strong>A.</strong></span> <span class='ocrx_word' id='word_1_643' title='bbox 2530 4744 2692 4810; x_wconf 83' lang='lat' dir='ltr'><strong>LXX,</strong></span> <span class='ocrx_word' id='word_1_644' title='bbox 2714 4755 2768 4799; x_wconf 85' lang='lat' dir='ltr'><strong>et</strong></span> <span class='ocrx_word' id='word_1_645' title='bbox 2798 4752 3108 4800; x_wconf 86' lang='lat' dir='ltr'><strong>statuerunt</strong></span> <span class='ocrx_word' id='word_1_646' title='bbox 3127 4743 3429 4799; x_wconf 83' lang='lat' dir='ltr'><strong>mercedem</strong></span> 
     </span>
    </p>
   </div>
   <div class='ocr_carea' id='block_1_91' title="bbox 1864 4842 2619 4912">
    <p class='ocr_par' dir='ltr' id='par_1_91' title="bbox 1864 4842 2619 4912">
     <span class='ocr_line' id='line_1_91' title="bbox 1864 4842 2619 4912; baseline -0.012 -13"><span class='ocrx_word' id='word_1_647' title='bbox 1864 4859 2042 4900; x_wconf 89' lang='lat' dir='ltr'><strong>meam</strong></span> <span class='ocrx_word' id='word_1_648' title='bbox 2070 4842 2287 4912; x_wconf 77' lang='lat' dir='ltr'><strong>triginta</strong></span> <span class='ocrx_word' id='word_1_649' title='bbox 2314 4847 2619 4909; x_wconf 84' lang='lat' dir='ltr'><strong>argenteos.</strong></span> 
     </span>
    </p>
   </div>
   <div class='ocr_carea' id='block_1_92' title="bbox 1938 4922 3432 4994">
    <p class='ocr_par' dir='ltr' id='par_1_92' title="bbox 1938 4922 3432 4994">
     <span class='ocr_line' id='line_1_92' title="bbox 1938 4922 3432 4994; baseline -0.011 -4"><span class='ocrx_word' id='word_1_650' title='bbox 1938 4938 2025 4991; x_wconf 77' lang='grc'><strong>15.</strong></span> <span class='ocrx_word' id='word_1_651' title='bbox 2072 4934 2235 4988; x_wconf 82' lang='lat' dir='ltr'><strong>Hebr.</strong></span> <span class='ocrx_word' id='word_1_652' title='bbox 2264 4941 2320 4987; x_wconf 91' lang='lat' dir='ltr'><strong>et</strong></span> <span class='ocrx_word' id='word_1_653' title='bbox 2344 4931 2419 4984; x_wconf 84' lang='lat' dir='ltr'><strong>ait</strong></span> <span class='ocrx_word' id='word_1_654' title='bbox 2470 4928 2733 4982; x_wconf 90' lang='lat' dir='ltr'><strong>Dominus</strong></span> <span class='ocrx_word' id='word_1_655' title='bbox 2766 4927 2833 4982; x_wconf 87' lang='lat' dir='ltr'><strong>ad</strong></span> <span class='ocrx_word' id='word_1_656' title='bbox 2887 4940 2977 4982; x_wconf 90' lang='lat' dir='ltr'><strong>me</strong></span> <span class='ocrx_word' id='word_1_657' title='bbox 3010 4941 3024 4978; x_wconf 92' lang='lat'><strong>:</strong></span> <span class='ocrx_word' id='word_1_658' title='bbox 3054 4923 3270 4994; x_wconf 85' lang='lat' dir='ltr'><strong>Projice</strong></span> <span class='ocrx_word' id='word_1_659' title='bbox 3299 4922 3432 4977; x_wconf 91' lang='lat' dir='ltr'><strong>illud</strong></span> 
     </span>
    </p>
   </div>
   <div class='ocr_carea' id='block_1_93' title="bbox 1864 5017 3433 5098">
    <p class='ocr_par' dir='ltr' id='par_1_93' title="bbox 1864 5017 3433 5098">
     <span class='ocr_line' id='line_1_93' title="bbox 1864 5017 3433 5098; baseline -0.011 -14"><span class='ocrx_word' id='word_1_660' title='bbox 1864 5030 1931 5084; x_wconf 88' lang='lat' dir='ltr'><strong>ad</strong></span> <span class='ocrx_word' id='word_1_661' title='bbox 1969 5028 2213 5098; x_wconf 82' lang='lat' dir='ltr'><strong>ﬁgulum,</strong></span> <span class='ocrx_word' id='word_1_662' title='bbox 2242 5022 2693 5092; x_wconf 80' lang='lat' dir='ltr'><strong>magniﬁcentiam</strong></span> <span class='ocrx_word' id='word_1_663' title='bbox 2727 5019 2935 5090; x_wconf 75' lang='lat' dir='ltr'><strong>glorize,</strong></span> <span class='ocrx_word' id='word_1_664' title='bbox 2974 5033 3082 5086; x_wconf 89' lang='lat' dir='ltr'><strong>qua</strong></span> <span class='ocrx_word' id='word_1_665' title='bbox 3100 5017 3433 5086; x_wconf 77' lang='lat' dir='ltr'><strong>appretiatus</strong></span> 
     </span>
    </p>
   </div>
   <div class='ocr_carea' id='block_1_94' title="bbox 1864 5105 3434 5186">
    <p class='ocr_par' dir='ltr' id='par_1_94' title="bbox 1864 5105 3434 5186">
     <span class='ocr_line' id='line_1_94' title="bbox 1864 5105 3434 5186; baseline -0.012 -10"><span class='ocrx_word' id='word_1_666' title='bbox 1864 5135 1986 5176; x_wconf 82' lang='lat' dir='ltr'><strong>sum</strong></span> <span class='ocrx_word' id='word_1_667' title='bbox 2017 5120 2251 5186; x_wconf 88' lang='lat' dir='ltr'><strong>desuper</strong></span> <span class='ocrx_word' id='word_1_668' title='bbox 2281 5116 2381 5169; x_wconf 92' lang='lat' dir='ltr'><strong>eis.</strong></span> <span class='ocrx_word' id='word_1_669' title='bbox 2412 5116 2475 5168; x_wconf 84' lang='lat' dir='ltr'><strong>A.</strong></span> <span class='ocrx_word' id='word_1_670' title='bbox 2507 5122 2562 5167; x_wconf 90' lang='lat' dir='ltr'><strong>et</strong></span> <span class='ocrx_word' id='word_1_671' title='bbox 2589 5112 2724 5165; x_wconf 80' lang='lat' dir='ltr'><strong>dixit</strong></span> <span class='ocrx_word' id='word_1_672' title='bbox 2762 5109 3029 5164; x_wconf 91' lang='lat' dir='ltr'><strong>Dominus</strong></span> <span class='ocrx_word' id='word_1_673' title='bbox 3051 5108 3115 5161; x_wconf 90' lang='lat' dir='ltr'><strong>ad</strong></span> <span class='ocrx_word' id='word_1_674' title='bbox 3150 5122 3269 5161; x_wconf 88' lang='lat' dir='ltr'><strong>me:</strong></span> <span class='ocrx_word' id='word_1_675' title='bbox 3298 5105 3434 5158; x_wconf 79' lang='lat' dir='ltr'><strong>Pro-</strong></span> 
     </span>
    </p>
   </div>
   <div class='ocr_carea' id='block_1_95' title="bbox 1860 5198 3435 5283">
    <p class='ocr_par' dir='ltr' id='par_1_95' title="bbox 1860 5198 3435 5283">
     <span class='ocr_line' id='line_1_95' title="bbox 1860 5198 3435 5283; baseline -0.01 -19"><span class='ocrx_word' id='word_1_676' title='bbox 1860 5213 1970 5283; x_wconf 89' lang='lat' dir='ltr'><strong>jice</strong></span> <span class='ocrx_word' id='word_1_677' title='bbox 2001 5226 2064 5265; x_wconf 91' lang='lat' dir='ltr'><strong>ea</strong></span> <span class='ocrx_word' id='word_1_678' title='bbox 2118 5210 2183 5263; x_wconf 90' lang='lat' dir='ltr'><strong>ad</strong></span> <span class='ocrx_word' id='word_1_679' title='bbox 2228 5206 2490 5277; x_wconf 86' lang='lat' dir='ltr'><strong>ligulum;</strong></span> <span class='ocrx_word' id='word_1_680' title='bbox 2538 5202 2963 5272; x_wconf 77' lang='lat' dir='ltr'><strong>grandissimum</strong></span> <span class='ocrx_word' id='word_1_681' title='bbox 3004 5198 3270 5268; x_wconf 88' lang='lat' dir='ltr'><strong>pretium,</strong></span> <span class='ocrx_word' id='word_1_682' title='bbox 3322 5211 3435 5265; x_wconf 91' lang='lat' dir='ltr'><strong>quo</strong></span> 
     </span>
    </p>
   </div>
   <div class='ocr_carea' id='block_1_96' title="bbox 1864 5286 3433 5356">
    <p class='ocr_par' dir='ltr' id='par_1_96' title="bbox 1864 5286 3433 5356">
     <span class='ocr_line' id='line_1_96' title="bbox 1864 5286 3433 5356; baseline -0.01 -1"><span class='ocrx_word' id='word_1_683' title='bbox 1864 5301 2166 5356; x_wconf 76' lang='lat' dir='ltr'><strong>aestimatus</strong></span> <span class='ocrx_word' id='word_1_684' title='bbox 2189 5313 2307 5351; x_wconf 89' lang='lat' dir='ltr'><strong>sum</strong></span> <span class='ocrx_word' id='word_1_685' title='bbox 2344 5295 2415 5347; x_wconf 89' lang='lat' dir='ltr'><strong>ab</strong></span> <span class='ocrx_word' id='word_1_686' title='bbox 2440 5294 2541 5347; x_wconf 89' lang='lat' dir='ltr'><strong>eis.</strong></span> <span class='ocrx_word' id='word_1_687' title='bbox 2576 5290 2739 5352; x_wconf 85' lang='lat' dir='ltr'><strong>LXX.</strong></span> <span class='ocrx_word' id='word_1_688' title='bbox 2765 5299 2818 5344; x_wconf 90' lang='lat' dir='ltr'><strong>et</strong></span> <span class='ocrx_word' id='word_1_689' title='bbox 2838 5290 2914 5343; x_wconf 89' lang='lat' dir='ltr'><strong>ait</strong></span> <span class='ocrx_word' id='word_1_690' title='bbox 2941 5288 3200 5341; x_wconf 86' lang='lat' dir='ltr'><strong>Dominus</strong></span> <span class='ocrx_word' id='word_1_691' title='bbox 3224 5286 3290 5339; x_wconf 91' lang='lat' dir='ltr'><strong>ad</strong></span> <span class='ocrx_word' id='word_1_692' title='bbox 3312 5302 3433 5340; x_wconf 86' lang='lat' dir='ltr'><strong>me:</strong></span> 
     </span>
    </p>
   </div>
   <div class='ocr_carea' id='block_1_97' title="bbox 1866 5378 3439 5462">
    <p class='ocr_par' dir='ltr' id='par_1_97' title="bbox 1866 5378 3439 5462">
     <span class='ocr_line' id='line_1_97' title="bbox 1866 5378 3439 5462; baseline -0.01 -16"><span class='ocrx_word' id='word_1_693' title='bbox 1866 5393 2082 5462; x_wconf 69' lang='lat' dir='ltr'><strong>Depone</strong></span> <span class='ocrx_word' id='word_1_694' title='bbox 2110 5405 2204 5445; x_wconf 92' lang='lat' dir='ltr'><strong>eos</strong></span> <span class='ocrx_word' id='word_1_695' title='bbox 2228 5388 2279 5441; x_wconf 92' lang='lat' dir='ltr'><strong>in</strong></span> <span class='ocrx_word' id='word_1_696' title='bbox 2312 5384 2690 5442; x_wconf 79' lang='lat' dir='ltr'><strong>conﬂatm-ium</strong></span> <span class='ocrx_word' id='word_1_697' title='bbox 2716 5399 2730 5435; x_wconf 90' lang='lat'><strong>:</strong></span> <span class='ocrx_word' id='word_1_698' title='bbox 2754 5390 2809 5435; x_wconf 92' lang='lat' dir='ltr'><strong>et</strong></span> <span class='ocrx_word' id='word_1_699' title='bbox 2836 5379 3212 5442; x_wconf 83' lang='lat' dir='ltr'><strong>considerabo,</strong></span> <span class='ocrx_word' id='word_1_700' title='bbox 3240 5378 3288 5433; x_wconf 84' lang='lat' dir='ltr'><strong>si</strong></span> <span class='ocrx_word' id='word_1_701' title='bbox 3310 5392 3439 5448; x_wconf 51' lang='lat' dir='ltr'><strong>pro.</strong></span> 
     </span>
    </p>
   </div>
   <div class='ocr_carea' id='block_1_98' title="bbox 184 5472 3440 5564">
    <p class='ocr_par' dir='ltr' id='par_1_98' title="bbox 184 5472 3440 5564">
     <span class='ocr_line' id='line_1_98' title="bbox 184 5472 3440 5564; baseline -0.007 -13"><span class='ocrx_word' id='word_1_702' title='bbox 184 5496 381 5551; x_wconf 78' lang='lat' dir='ltr'><strong>batum</strong></span> <span class='ocrx_word' id='word_1_703' title='bbox 404 5504 511 5561; x_wconf 86' lang='lat' dir='ltr'><strong>est,</strong></span> <span class='ocrx_word' id='word_1_704' title='bbox 544 5495 685 5550; x_wconf 87' lang='lat' dir='ltr'><strong>sicut</strong></span> <span class='ocrx_word' id='word_1_705' title='bbox 703 5493 962 5564; x_wconf 89' lang='lat' dir='ltr'><strong>probatus</strong></span> <span class='ocrx_word' id='word_1_706' title='bbox 984 5505 1106 5545; x_wconf 89' lang='lat' dir='ltr'><strong>sum</strong></span> <span class='ocrx_word' id='word_1_707' title='bbox 1124 5504 1225 5558; x_wconf 88' lang='lat' dir='ltr'><strong>pro</strong></span> <span class='ocrx_word' id='word_1_708' title='bbox 1247 5489 1348 5544; x_wconf 85' lang='lat' dir='ltr'><strong>eis.</strong></span> <span class='ocrx_word' id='word_1_709' title='bbox 1378 5487 1503 5542; x_wconf 83' lang='lat' dir='ltr'><strong>Vul.</strong></span> <span class='ocrx_word' id='word_1_710' title='bbox 1545 5491 1600 5541; x_wconf 89' lang='lat' dir='ltr'><strong>et</strong></span> <span class='ocrx_word' id='word_1_711' title='bbox 1644 5488 1781 5544; x_wconf 71' lang='lat' dir='ltr'><strong>dixit</strong></span> <span class='ocrx_word' id='word_1_712' title='bbox 1834 5486 2097 5542; x_wconf 87' lang='lat' dir='ltr'><strong>Dominus</strong></span> <span class='ocrx_word' id='word_1_713' title='bbox 2159 5481 2227 5536; x_wconf 89' lang='lat' dir='ltr'><strong>ad</strong></span> <span class='ocrx_word' id='word_1_714' title='bbox 2263 5496 2350 5534; x_wconf 89' lang='lat' dir='ltr'><strong>me</strong></span> <span class='ocrx_word' id='word_1_715' title='bbox 2379 5498 2392 5536; x_wconf 88' lang='lat'><strong>:</strong></span> <span class='ocrx_word' id='word_1_716' title='bbox 2426 5477 2634 5547; x_wconf 86' lang='lat' dir='ltr'><strong>Projice</strong></span> <span class='ocrx_word' id='word_1_717' title='bbox 2672 5473 2801 5529; x_wconf 90' lang='lat' dir='ltr'><strong>illud</strong></span> <span class='ocrx_word' id='word_1_718' title='bbox 2829 5474 2896 5526; x_wconf 89' lang='lat' dir='ltr'><strong>ad</strong></span> <span class='ocrx_word' id='word_1_719' title='bbox 2946 5472 3297 5540; x_wconf 85' lang='lat' dir='ltr'><strong>statuarium,</strong></span> <span class='ocrx_word' id='word_1_720' title='bbox 3344 5473 3440 5529; x_wconf 76' lang='lat' dir='ltr'><strong>de-</strong></span> 
     </span>
    </p>
   </div>
   <div class='ocr_carea' id='block_1_99' title="bbox 180 5584 1517 5657">
    <p class='ocr_par' dir='ltr' id='par_1_99' title="bbox 180 5584 1517 5657">
     <span class='ocr_line' id='line_1_99' title="bbox 180 5584 1517 5657; baseline -0.007 -11"><span class='ocrx_word' id='word_1_721' title='bbox 180 5607 381 5646; x_wconf 74' lang='lat' dir='ltr'><strong>corum</strong></span> <span class='ocrx_word' id='word_1_722' title='bbox 423 5590 654 5657; x_wconf 84' lang='lat' dir='ltr'><strong>pretium</strong></span> <span class='ocrx_word' id='word_1_723' title='bbox 683 5602 792 5657; x_wconf 84' lang='lat' dir='ltr'><strong>quo</strong></span> <span class='ocrx_word' id='word_1_724' title='bbox 822 5588 1156 5656; x_wconf 89' lang='lat' dir='ltr'><strong>appretiatus</strong></span> <span class='ocrx_word' id='word_1_725' title='bbox 1179 5600 1297 5638; x_wconf 89' lang='lat' dir='ltr'><strong>sum</strong></span> <span class='ocrx_word' id='word_1_726' title='bbox 1329 5585 1397 5638; x_wconf 90' lang='lat' dir='ltr'><strong>ab</strong></span> <span class='ocrx_word' id='word_1_727' title='bbox 1420 5584 1517 5638; x_wconf 90' lang='lat' dir='ltr'><strong>eis.</strong></span> 
     </span>
    </p>
   </div>
   <div class='ocr_carea' id='block_1_100' title="bbox 180 5666 1774 5763">
    <p class='ocr_par' dir='ltr' id='par_1_100' title="bbox 180 5666 1774 5763">
     <span class='ocr_line' id='line_1_100' title="bbox 180 5666 1774 5763; baseline -0.011 -15"><span class='ocrx_word' id='word_1_728' title='bbox 507 5695 625 5745; x_wconf 60' lang='grc' dir='ltr'>την</span> <span class='ocrx_word' id='word_1_729' title='bbox 654 5694 759 5745; x_wconf 71' lang='lat' dir='ltr'><strong>nu</strong></span> <span class='ocrx_word' id='word_1_730' title='bbox 793 5694 899 5744; x_wconf 58' lang='grc' dir='ltr'>’σπι</span> <span class='ocrx_word' id='word_1_731' title='bbox 930 5666 1139 5763; x_wconf 55' lang='grc' dir='ltr'><strong>Ἰνδοῖς-ι</strong></span> <span class='ocrx_word' id='word_1_732' title='bbox 1201 5683 1281 5734; x_wconf 82' lang='grc' dir='ltr'><strong>Ἀ.</strong></span> <span class='ocrx_word' id='word_1_733' title='bbox 1307 5683 1401 5734; x_wconf 73' lang='grc' dir='ltr'><strong>καὶ</strong></span> <span class='ocrx_word' id='word_1_734' title='bbox 1422 5680 1620 5751; x_wconf 75' lang='grc' dir='ltr'>ἔρριψα</span> <span class='ocrx_word' id='word_1_735' title='bbox 1642 5679 1774 5733; x_wconf 72' lang='grc' dir='ltr'>αὐτὸ</span> 
     </span>
    </p>
   </div>
   <div class='ocr_carea' id='block_1_101' title="bbox 1944 5663 3439 5741">
    <p class='ocr_par' dir='ltr' id='par_1_101' title="bbox 1944 5663 3439 5741">
     <span class='ocr_line' id='line_1_101' title="bbox 1944 5663 3439 5741; baseline -0.005 -12"><span class='ocrx_word' id='word_1_736' title='bbox 1944 5675 2105 5730; x_wconf 72' lang='lat' dir='ltr'><strong>llelir.</strong></span> <span class='ocrx_word' id='word_1_737' title='bbox 2161 5673 2225 5728; x_wconf 84' lang='lat' dir='ltr'><strong>A.</strong></span> <span class='ocrx_word' id='word_1_738' title='bbox 2269 5682 2323 5728; x_wconf 92' lang='lat' dir='ltr'><strong>et</strong></span> <span class='ocrx_word' id='word_1_739' title='bbox 2369 5669 2575 5741; x_wconf 88' lang='lat' dir='ltr'><strong>projeci</strong></span> <span class='ocrx_word' id='word_1_740' title='bbox 2614 5666 2743 5721; x_wconf 85' lang='lat' dir='ltr'><strong>illud</strong></span> <span class='ocrx_word' id='word_1_741' title='bbox 2777 5667 2829 5719; x_wconf 82' lang='lat' dir='ltr'><strong>in</strong></span> <span class='ocrx_word' id='word_1_742' title='bbox 2863 5666 3082 5720; x_wconf 87' lang='lat' dir='ltr'><strong>domum</strong></span> <span class='ocrx_word' id='word_1_743' title='bbox 3128 5663 3340 5719; x_wconf 91' lang='lat' dir='ltr'><strong>Domini</strong></span> <span class='ocrx_word' id='word_1_744' title='bbox 3371 5667 3439 5721; x_wconf 85' lang='lat' dir='ltr'><strong>ad</strong></span> 
     </span>
    </p>
   </div>
   <div class='ocr_carea' id='block_1_102' title="bbox 190 5752 1779 5851">
    <p class='ocr_par' dir='ltr' id='par_1_102' title="bbox 190 5752 1773 5851">
     <span class='ocr_line' id='line_1_102' title="bbox 190 5752 1773 5851; baseline -0.007 -15"><span class='ocrx_word' id='word_1_745' title='bbox 190 5785 258 5836; x_wconf 74' lang='grc' dir='ltr'>ὲν</span> <span class='ocrx_word' id='word_1_746' title='bbox 282 5782 416 5851; x_wconf 69' lang='grc' dir='ltr'>οἴκῳ</span> <span class='ocrx_word' id='word_1_747' title='bbox 450 5780 654 5849; x_wconf 64' lang='grc' dir='ltr'>Κυρίου</span> <span class='ocrx_word' id='word_1_748' title='bbox 692 5778 824 5847; x_wconf 79' lang='grc' dir='ltr'><strong>πρὸς</strong></span> <span class='ocrx_word' id='word_1_749' title='bbox 866 5752 970 5830; x_wconf 56' lang='grc' dir='ltr'>τὸν</span> <span class='ocrx_word' id='word_1_750' title='bbox 1014 5776 1277 5845; x_wconf 84' lang='grc' dir='ltr'>πλάστην.</span> <span class='ocrx_word' id='word_1_751' title='bbox 1334 5775 1390 5826; x_wconf 84' lang='grc' dir='ltr'><strong>Σ.</strong></span> <span class='ocrx_word' id='word_1_752' title='bbox 1444 5773 1536 5825; x_wconf 70' lang='grc' dir='ltr'>καὶ</span> <span class='ocrx_word' id='word_1_753' title='bbox 1571 5772 1773 5845; x_wconf 70' lang='grc' dir='ltr'>ἔρριψα</span> 
     </span>
    </p>
   </div>
   <div class='ocr_carea' id='block_1_103' title="bbox 1861 5752 3436 5851">
    <p class='ocr_par' dir='ltr' id='par_1_103' title="bbox 1874 5752 3436 5839">
     <span class='ocr_line' id='line_1_103' title="bbox 1874 5752 3436 5839; baseline -0.012 -17"><span class='ocrx_word' id='word_1_754' title='bbox 1874 5771 2118 5839; x_wconf 82' lang='lat' dir='ltr'><strong>ligulum.</strong></span> <span class='ocrx_word' id='word_1_755' title='bbox 2154 5766 2210 5819; x_wconf 87' lang='lat' dir='ltr'><strong>S.</strong></span> <span class='ocrx_word' id='word_1_756' title='bbox 2239 5775 2295 5818; x_wconf 77' lang='lat' dir='ltr'><strong>ct</strong></span> <span class='ocrx_word' id='word_1_757' title='bbox 2334 5762 2533 5832; x_wconf 89' lang='lat' dir='ltr'><strong>prujeci</strong></span> <span class='ocrx_word' id='word_1_758' title='bbox 2580 5759 2710 5816; x_wconf 84' lang='lat' dir='ltr'><strong>illud</strong></span> <span class='ocrx_word' id='word_1_759' title='bbox 2754 5761 2805 5813; x_wconf 92' lang='lat' dir='ltr'><strong>iu</strong></span> <span class='ocrx_word' id='word_1_760' title='bbox 2851 5758 3073 5812; x_wconf 85' lang='lat' dir='ltr'><strong>domum</strong></span> <span class='ocrx_word' id='word_1_761' title='bbox 3118 5755 3331 5809; x_wconf 88' lang='lat' dir='ltr'><strong>Domini</strong></span> <span class='ocrx_word' id='word_1_762' title='bbox 3382 5752 3436 5811; x_wconf 85' lang='lat' dir='ltr'><strong>in</strong></span> 
     </span>
    </p>
   </div>
   <div class='ocr_carea' id='block_1_104' title="bbox 192 5843 1779 5942">
    <p class='ocr_par' dir='ltr' id='par_1_104' title="bbox 192 5866 1772 5942">
     <span class='ocr_line' id='line_1_104' title="bbox 192 5866 1772 5942; baseline -0.008 -13"><span class='ocrx_word' id='word_1_763' title='bbox 192 5874 332 5930; x_wconf 73' lang='grc' dir='ltr'>αὐτὸ</span> <span class='ocrx_word' id='word_1_764' title='bbox 357 5876 435 5939; x_wconf 80' lang='grc' dir='ltr'><strong>εἰς</strong></span> <span class='ocrx_word' id='word_1_765' title='bbox 456 5874 547 5927; x_wconf 77' lang='grc' dir='ltr'><strong>τὸν</strong></span> <span class='ocrx_word' id='word_1_766' title='bbox 569 5868 716 5926; x_wconf 76' lang='grc' dir='ltr'>οἷκον</span> <span class='ocrx_word' id='word_1_767' title='bbox 749 5870 952 5942; x_wconf 78' lang='grc' dir='ltr'>Κυρίου</span> <span class='ocrx_word' id='word_1_768' title='bbox 982 5870 1060 5932; x_wconf 79' lang='grc' dir='ltr'><strong>εἰς</strong></span> <span class='ocrx_word' id='word_1_769' title='bbox 1088 5867 1146 5920; x_wconf 79' lang='grc' dir='ltr'><strong>τὸ</strong></span> <span class='ocrx_word' id='word_1_770' title='bbox 1176 5866 1553 5938; x_wconf 71' lang='grc' dir='ltr'>χωνευτήριον.</span> <span class='ocrx_word' id='word_1_771' title='bbox 1578 5866 1652 5929; x_wconf 89' lang='lat'><strong>0&#39;,</strong></span> <span class='ocrx_word' id='word_1_772' title='bbox 1681 5866 1772 5919; x_wconf 75' lang='grc' dir='ltr'><strong>καὶ</strong></span> 
     </span>
    </p>
   </div>
   <div class='ocr_carea' id='block_1_105' title="bbox 1861 5843 3435 5942">
    <p class='ocr_par' dir='ltr' id='par_1_105' title="bbox 1872 5843 3435 5923">
     <span class='ocr_line' id='line_1_105' title="bbox 1872 5843 3435 5923; baseline -0.011 -9"><span class='ocrx_word' id='word_1_773' title='bbox 1872 5857 2278 5915; x_wconf 82' lang='lat' dir='ltr'><strong>conﬂatorium.</strong></span> <span class='ocrx_word' id='word_1_774' title='bbox 2311 5852 2474 5918; x_wconf 85' lang='lat' dir='ltr'><strong>LXX,</strong></span> <span class='ocrx_word' id='word_1_775' title='bbox 2535 5863 2586 5907; x_wconf 85' lang='lat' dir='ltr'><strong>et</strong></span> <span class='ocrx_word' id='word_1_776' title='bbox 2625 5850 2786 5923; x_wconf 86' lang='lat' dir='ltr'><strong>injeci</strong></span> <span class='ocrx_word' id='word_1_777' title='bbox 2827 5863 2922 5904; x_wconf 84' lang='lat' dir='ltr'><strong>cos</strong></span> <span class='ocrx_word' id='word_1_778' title='bbox 2976 5847 3031 5902; x_wconf 90' lang='lat' dir='ltr'><strong>iu</strong></span> <span class='ocrx_word' id='word_1_779' title='bbox 3065 5846 3282 5901; x_wconf 85' lang='lat' dir='ltr'><strong>domum</strong></span> <span class='ocrx_word' id='word_1_780' title='bbox 3325 5843 3435 5904; x_wconf 76' lang='lat' dir='ltr'><strong>Du-</strong></span> 
     </span>
    </p>
   </div>
  </div>
