4002 6532
188 452 335 516 3033

1317 448 1615 509 CONTRA
1654 443 2017 507 ILERESES
2056 443 2201 502 LIB.
2236 441 2285 502 Ι.

3312 436 3451 502 3034

186 564 250 617 τὸ
293 562 458 633 ξηρὸν
494 565 589 616 καὶ
619 561 678 615 τὺ
727 562 929 630 κοῦφον
956 558 1061 622 εἰς¹
1088 558 1149 612 τδ
1180 558 1369 629 πρόσω
1423 560 1517 619 τοῦ
1558 559 1772 629 αἰθέρος

1882 555 2114 609 calidum
2148 564 2201 606 et
2244 553 2447 607 clarum
2496 558 2548 604 et
2595 551 2805 607 aridum
2852 557 2906 606 et
2948 550 3063 604 leve
3097 549 3149 606 in
3197 550 3450 605 ulteriora

184 655 456 724 ὁρμῆσαι.
488 654 599 724 Τὴν
632 654 689 706 δέ
743 653 849 722 γῆν
888 652 968 722 τῷ
1024 652 1260 722 σχήματι
1306 651 1571 704 πλατεῖαν
1628 645 1771 702 εἶναι

187 745 289 797 καὶ
335 742 518 813 μένειν
572 743 845 813 μετέωρον
907 741 993 795 διά
1031 741 1093 793 τὸ
1153 740 1383 810 μέγεθος
1436 742 1531 795 καὶ
1574 740 1661 793 διὰ
1716 740 1776 792 τὸ

188 832 365 902 μηδὲν
396 828 535 884 εἶναι
577 833 729 884 κενὸν
754 832 848 883 καὶ
868 829 958 883 διὰ
1008 830 1068 881 τὸ
1110 829 1200 882 τὸν
1245 830 1382 901 ἀέρα
1416 831 1772 900 ἰσχυρότατον

184 924 322 975 ὅντα
358 920 545 991 φέρειν
600 919 972 990 ἐποχουμένην
1026 917 1124 989 τὴν
1172 920 1294 987 γῆν.
1332 917 1452 969 Τῶν
1479 917 1521 969 δ’
1553 918 1644 969 ἐπὶ
1670 918 1773 987 γῆς

187 1012 376 1084 ὑγρῶν
416 1011 515 1082 τὴν
563 1012 661 1081 μέν
727 1010 1003 1067 θάλασσαν
1034 1009 1293 1078 ὑπάρξαι,
1322 1009 1389 1062 τά
1432 1026 1489 1061 τε
1527 1010 1584 1061 ἐν
1629 1009 1767 1079 αύτῇ

182 1102 364 1156 ὑδατα
416 1101 815 1171 ἐξατμισθέντα
849 1102 1008 1155 ⁸⁸η...
1055 1101 1366 1153 ὑποστάντα
1392 1099 1565 1163 οὕτως
1604 1116 1766 1167 γεγο-

180 1190 339 1245 νέναι
376 1192 471 1244 καὶ
497 1191 604 1245 ἀπὸ
625 1190 734 1243 τῶν
780 1188 1276 1261 καταρῤευσάντων
1324 1187 1603 1256 ποταμῶν.
1634 1188 1771 1249 Τοὺς

180 1282 245 1335 δὲ
283 1282 566 1354 ποταμοὺς
613 1282 707 1334 καὶ
748 1282 858 1334 ἀπὸ
905 1280 1014 1333 τῶν
1075 1279 1297 1351 ὄμϐρων
1341 1278 1642 1348 λαμϐάνειν
1672 1279 1772 1349 τὴν

183 1374 494 1427 ὑπόστασιν
542 1374 637 1426 καὶ
690 1373 748 1440 ἐξ
784 1373 991 1426 ὑδάτων
1019 1371 1064 1403 ⁸⁷
1109 1370 1218 1424 τῶν
1253 1372 1310 1422 ἐν
1362 1373 1429 1441 τῇ
1479 1373 1570 1441 γῇ.
1612 1365 1769 1423 Εἶναι

182 1462 301 1534 γάρ
328 1463 505 1532 αὑτὴν
525 1463 605 1533 [ρ.
646 1462 733 1524 14,
764 1461 875 1534 15.]
906 1461 1092 1532 κοίλην
1119 1461 1212 1513 καὶ
1246 1460 1391 1530 ἐχειν
1414 1460 1555 1533 ὕδωρ
1588 1462 1772 1524 ἐντοῖς

184 1552 547 1623 κοιλώμασιν.
581 1554 685 1606 Τὸν
721 1552 778 1605 δέ
809 1552 999 1605 Νεῖλον
1030 1552 1287 1616 αὔξεσθαι
1336 1554 1477 1605 κατά
1515 1552 1576 1605 τὸ
1615 1551 1773 1622 θέρος

185 1643 658 1713 καταφερομένων
687 1644 765 1705 είς
813 1642 975 1695 αὑτὸν
1014 1641 1221 1695 ὑδάτων
1270 1641 1379 1694 ἀπὸ
1402 1640 1512 1694 τῶν
1562 1644 1621 1694 ἐν
1654 1643 1765 1703 τοῖς

184 1734 527 1797 ἁντοίκοις³⁸
593 1736 807 1804 χιόνων.
862 1734 1052 1787 Ἥλιον
1102 1732 1160 1787 δὲ
1207 1733 1303 1786 καὶ
1374 1732 1601 1803 σελήνην
1674 1732 1771 1784 καὶ

186 1825 375 1879 πάντα
430 1825 501 1877 τά
560 1824 737 1895 ἄστρα
803 1823 987 1888 λίθους
1039 1819 1179 1877 εἶναι
1248 1822 1529 1896 ἐμπύρους
1559 1840 1769 1893 συμπε-

1875 648 2101 701 aetheris
2159 645 2271 699 nisa
2319 660 2458 700 esse.
2513 643 2738 696 Terram
2786 650 2963 695 autem
3019 642 3186 711 ﬁgura
3237 641 3450 709 planam

1873 754 1992 793 esse
2043 750 2096 791 ct
2147 753 2365 791 manere
2408 736 2691 806 pendulam
2746 745 2967 804 propter
3004 734 3447 803 magnitudinem,

1874 839 1929 882 et
1957 838 2248 897 propterea
2292 830 2434 894 quod
2470 826 2672 879 nullum
2702 826 2842 881 adsit
2878 825 3038 879 inane
3080 832 3134 877 et
3175 825 3302 893 quia
3333 839 3449 887 aer,

1874 920 1965 988 qui
1995 920 2061 972 sit
2090 919 2517 983 robustissimus,
2541 918 2680 971 lerat
2708 917 2980 971 invectam
3007 926 3230 970 terram.
3262 915 3450 977 "tinni-

1875 1012 2061 1064 dorum
2113 1020 2290 1062 autem
2356 1011 2408 1063 in
2472 1021 2613 1064 terra
2661 1010 2892 1079 primum
2956 1023 3104 1061 mare
3174 1008 3453 1062 exstitisse

1874 1116 2145 1170 aquasque
2174 1101 2223 1153 in
2253 1115 2316 1154 eo
2348 1102 2779 1155 exsiccatas.....
2817 1100 3131 1154 substitisse
3164 1110 3218 1153 et
3246 1100 3323 1154 sic
3352 1115 3453 1153 na-

1876 1200 1985 1245 tum
2018 1204 2140 1243 esse
2167 1198 2219 1242 et
2247 1191 2313 1241 ab
2346 1189 2599 1242 amnibus
2634 1188 2726 1257 qui
2764 1187 2819 1240 in
2867 1186 2918 1241 id
2944 1185 3285 1241 delituerint.
3320 1186 3451 1237 Am-

1875 1299 1970 1336 nes
2006 1293 2183 1335 autem
2227 1292 2280 1335 et
2319 1284 2387 1335 ab
2440 1281 2703 1334 imbribus
2737 1280 2989 1349 accipere
3042 1277 3449 1332 subsistentiam

1874 1372 2130 1445 22-23
2162 1381 2216 1428 et
2250 1388 2315 1427 ex
2352 1374 2508 1443 aquis
2548 1372 2599 1425 in
2639 1380 2822 1439 terra;
2868 1384 2988 1425 esse
3025 1370 3168 1423 enim
3205 1384 3325 1423 eam
3356 1382 3449 1421 ca-

1873 1481 1993 1519 vam
2027 1476 2078 1518 et
2110 1464 2391 1520 continere
2419 1478 2613 1531 aquam
2650 1463 2702 1516 in
2733 1462 3002 1517 cavernis.
3045 1460 3221 1515 Nilum
3265 1468 3444 1513 autem

1873 1571 2165 1626 augescere
2220 1570 2316 1624 per
2365 1563 2635 1619 aestatem,
2689 1570 2811 1607 cum
2861 1552 3175 1608 deferantur
3223 1553 3276 1606 in
3326 1566 3449 1604 eum

1873 1661 2028 1715 aqua:
2059 1661 2087 1699 a
2120 1645 2331 1699 nivibus
2366 1646 2505 1714 apud
2536 1655 2814 1701 anteocos.
2854 1643 3034 1699 Solem
3076 1654 3255 1696 autem
3287 1653 3341 1698 et
3373 1643 3453 1696 ln-

1876 1752 1997 1791 nam
2027 1752 2325 1805 omnesque
2351 1736 2537 1790 Stellas
2569 1734 2776 1805 lapides
2816 1751 2935 1791 esse
2976 1736 3172 1807 ignitos
3214 1736 3449 1791 circnm-

1875 1830 2089 1883 volutos
2114 1844 2218 1882 una
2248 1830 2315 1884 ab
2336 1829 2557 1883 aatheris
2588 1829 2875 1883 r0tatione.
2904 1827 3037 1882 Esse
3063 1840 3240 1883 autem
3266 1829 3451 1882 subter

192 1915 565 1986 ριληφθέντας
620 1915 725 1969 ὑπὸ
774 1915 875 1985 τῆς
906 1916 950 1946 ³⁸
991 1914 1208 1985 αἰθέρος
1250 1913 1573 1985 περιφορᾶς.
1619 1908 1768 1964 Εἶναι

1876 1920 2058 1976 stellas
2093 1921 2260 1976 solem
2291 1930 2345 1974 et
2374 1921 2553 1975 lunam
2583 1929 2639 1974 et
2676 1935 2907 1989 corpora
2934 1920 3178 1990 quaedam
3209 1936 3309 1973 una
3341 1920 3451 1973 cir-

188 2008 236 2060 δ⁹
292 2008 554 2061 ὑποκάτω
614 2008 721 2060 τῶν
784 2007 1002 2077 ἄστρων
1053 2007 1205 2077 ἡλιον
1258 2006 1353 2059 καὶ
1412 2005 1645 2075 σελήνην
1701 2005 1771 2067 ⁸⁸,

191 2100 291 2151 καὶ
321 2098 551 2170 σώματά
570 2098 616 2131 δι
658 2116 778 2152 τινα
829 2098 1351 2169 συμπεριφερόμενα
1389 2098 1523 2168 ἡμῖν
1561 2096 1774 2167 ἀόρατα

184 2191 292 2261 τῆς
321 2191 377 2244 δὲ
408 2190 743 2264 Θερμότητος
777 2191 851 2260 μὴ
903 2190 1259 2244 αἰσθάνεσθαι
1300 2189 1411 2255 τῶν
1443 2190 1658 2260 ἄστρων
1688 2188 1776 2242 διὰ

187 2282 254 2334 τὸ
277 2281 497 2353 μακρὰν
527 2278 665 2336 εἶναι
700 2281 823 2354 [καὶ
849 2281 957 2355 διὰ]
980 2282 1025 2315 δ’
1058 2282 1155 2353 τὴν
1179 2282 1485 2336 ἀπόστασιν
1519 2282 1619 2351 τῆς
1647 2282 1771 2351 γῆς·

189 2370 275 2422 ἔτι
303 2370 363 2423 δέ
396 2370 496 2440 οὑχ
517 2371 718 2441 ὁμοίως
738 2372 917 2443 Θερμὰ
941 2372 1019 2442 τῷ
1052 2372 1190 2441 ἡλίῳ
1212 2372 1298 2427 διὰ
1333 2372 1393 2425 τὸ
1414 2371 1601 2443 χώραν
1631 2372 1776 2442 ἔχειν

188 2464 561 2535 ψυχροτέραν.
616 2459 772 2518 Εἶναι
827 2465 885 2518 δέ
930 2465 1029 2535 τὴν
1078 2464 1309 2534 σελήνην
1340 2462 1635 2534 κατωτέρω
1682 2462 1775 2516 τοῦ

188 2556 345 2623 ἡλίου
378 2554 750 2626 πλησιῶτερον
812 2554 989 2625 ἡμῶν.
1034 2555 1357 2624 ’Υπερὲχειν
1400 2553 1460 2606 δὲ
1507 2554 1598 2606 τὸν
1624 2553 1777 2624 ἣλιον

191 2646 417 2716 μεγέθει
450 2647 550 2719 τὴν
594 2647 1023 2717 Πελοπόννησον.
1052 2646 1126 2699 Τὸ
1154 2646 1210 2698 δὲ
1262 2646 1380 2715 φῶς
1411 2646 1509 2715 τὴν
1544 2644 1778 2715 σελήνην

196 2739 275 2811 μὴ
332 2740 466 2795 ῐδιον
514 2740 683 2811 ἔχειν,
743 2739 860 2793 ἀλλ’
886 2739 996 2794 ἀπὸ
1047 2738 1142 2792 τοῦ
1197 2737 1371 2810 ἡλίου.
1424 2737 1535 2808 Τὴν
1572 2738 1631 2789 δέ
1667 2739 1775 2790 τῶν

186 2831 413 2901 ἄστρων
455 2831 759 2903 περιφορὰν
812 2830 915 2884 ὑπὸ
944 2829 1049 2900 γῆν
1075 2829 1344 2898 γίνεσθαι,
1379 2829 1687 2881 Ἐκλείπειν
1718 2828 1777 2881 δέ

188 2922 291 2992 τὴν
319 2921 551 2994 σελήνην
572 2922 676 2991 γῆς
709 2921 1200 2993 ἀντιφραττούσης,
1254 2920 1425 2974 ἐνίοτε
1456 2920 1512 2972 δὲ
1538 2920 1631 2971 καὶ
1669 2918 1778 2971 τῶν

186 3013 455 3068 ὑποκάτω
475 3017 576 3084 τὴς
626 3013 877 3084 σελήνης,
900 3014 990 3066 τὸν
1017 3012 1073 3066 δὲ
1125 3013 1277 3083 ἥλιον
1307 3014 1427 3075 ταῖς
1456 3011 1778 3081 νουμηνίαις

187 3101 428 3171 σελήνης
469 3103 957 3171 ἀντιφραττούσης.
997 3100 1217 3171 Τροπάς
1262 3098 1320 3152 δὲ
1366 3098 1635 3151 ποιεῖσθαι
1684 3098 1779 3151 καὶ

185 3190 343 3260 ἥλιον
398 3190 496 3243 καὶ
553 3189 783 3260 σελήνην
837 3187 1263 3257 ἀπωθουμένους
1285 3187 1390 3240 ὑπὸ
1438 3187 1533 3239 τοῦ
1584 3186 1773 3257 ἀέρος.

186 3281 434 3352 Σελήνην
456 3280 511 3333 δὲ
548 3279 805 3342 πολλάκις
839 3278 1139 3349 τρέπεσθαι
1176 3278 1265 3331 διά
1296 3278 1356 3331 τὸ
1402 3279 1475 3349 μὴ
1506 3276 1771 3331 δύνασθαι

186 3374 419 3444 κρατεῖν
444 3372 537 3424 τοῦ
570 3370 799 3441 ψυχροῦ.
832 3366 1001 3434 Οὗτος
1025 3369 1271 3440 ἀφώρισε
1303 3370 1520 3440 πρῶτος
1544 3369 1615 3422 τὰ
1644 3371 1774 3440 περὶ

184 3466 291 3527 τὰς
334 3464 609 3533 ἐκλείψεις
644 3463 739 3516 καὶ
775 3461 1109 3532 φωτισμούς.
1142 3462 1287 3530 Ἔφη
1318 3461 1375 3513 δὲ
1399 3462 1597 3530 γηῖνην
1630 3455 1771 3513 είναι

181 3556 290 3625 τὴν
325 3554 557 3625 σελήνην
590 3554 735 3624 ἔχειν
766 3570 824 3609 τε
873 3554 931 3606 ἐν
962 3552 1099 3622 αὐτῇ
1144 3551 1306 3604 πεδία
1333 3550 1430 3603 καὶ
1454 3552 1768 3620 φάραγγας.

181 3647 297 3701 Τὸν
337 3646 396 3700 δέ
423 3649 470 3679 ⁵³
503 3646 764 3713 γαλαξίαν
800 3643 1099 3698 ἀνάκλασιν
1144 3638 1285 3697 εἶναι
1324 3640 1419 3695 τοῦ
1459 3641 1637 3711 φωτὸς
1664 3640 1774 3696 τῶν

181 3738 411 3808 ἄστρων
439 3737 547 3788 τῶν
574 3736 649 3807 μὴ
679 3733 1248 3805 καταλαμϐανομένων
1280 3734 1325 3764 ⁸⁸
1347 3732 1453 3786 ὑπὸ
1480 3731 1574 3785 τοῦ
1597 3731 1773 3802 ἡλίου.

184 3828 333 3890 Τοὺς
381 3826 437 3880 δὲ
510 3826 935 3896 μεταϐαίνοντας
988 3824 1227 3896 ἀστέρας
1288 3823 1421 3893 ὡσεὶ
1471 3824 1774 3894 σπινθῆρας

180 3920 606 3990 ἀςραλλομένους
638 3919 884 3988 γίνεσθαι
913 3920 979 3971 ἐκ
1017 3918 1115 3987 τῆς
1150 3917 1419 3985 κινήσεως
1447 3915 1542 3967 τοῦ
1576 3914 1764 3969 πόλου.

198 4012 468 4083 ’Δνέμους
499 4012 557 4065 δέ
597 4010 843 4080 γίνεσθαι
901 4009 1304 4078 λεπτυνομένου
1339 4006 1434 4060 τοῦ
1474 4005 1635 4077 ἀέρος
1668 4006 1774 4060 ὑπὸ

176 4103 285 4157 τοῦ
338 4104 493 4173 ἡλίου
545 4104 639 4156 καὶ
693 4103 800 4156 τῶν
840 4099 1226 4171 ,ἐκκαιομένων
1286 4098 1422 4168 πρὸς
1468 4097 1561 4152 τὸν
1610 4098 1774 4152 πόλον

180 4193 624 4265 ὑποχωρούντων
664 4194 756 4246 καὶ
787 4191 1235 4263 ἀποφερομένων.
1274 4189 1511 4262 Βροντάς
1532 4189 1589 4244 δέ
1614 4189 1657 4221 ⁸⁵
1682 4190 1775 4244 καὶ

182 4284 487 4355 ἀστραπὰς
521 4283 627 4337 ἀπὸ
658 4282 863 4353 θερμοῦ
923 4280 1169 4351 γίνεσθαι
1201 4281 1566 4351 ἐμπίπτοντος
1596 4283 1676 4343 εἰς
1705 4282 1776 4335 τά

185 4375 358 4445 νέφη.
390 4375 657 4445 Σεισμοὺς
713 4374 770 4428 δὲ
808 4373 1054 4442 γίνεσθαι
1102 4371 1196 4425 τοῦ
1250 4371 1456 4427 ἀνωθεν
1484 4371 1647 4443 ἀέρος
1694 4374 1773 4435 είς

178 4467 281 4519 τὸν
308 4465 417 4519 ὑπὸ
444 4467 547 4536 γῆν
574 4466 937 4536 ἐμπίπτοντος
960 4465 1025 4496 ⁵⁸·
1075 4464 1265 4516 τούτου
1295 4463 1403 4533 γὰρ
1453 4464 1772 4533 κινουμένου

1875 2020 2173 2065 cumrotata
2198 2011 2350 2066 nobis
2374 2027 2476 2066 non
2508 2023 2797 2082 conspecta
2824 2028 2838 2076 ;
2871 2010 3105 2065 calorem
3139 2020 3315 2064 autem
3346 2025 3451 2063 non

1876 2104 2067 2160 sentiri
2099 2104 2399 2170 stellarum,
2435 2104 2689 2175 quoniam
2724 2105 2935 2174 longius
2973 2103 3172 2159 distent
3220 2118 3248 2154 a
3276 2111 3449 2167 terra;

1875 2203 2139 2263 μηνίει-θα
2172 2209 2300 2248 vero
2328 2208 2434 2248 non
2470 2209 2654 2260 parem
2681 2192 2778 2248 soli
2808 2192 3045 2247 calorem
3074 2191 3298 2256 habere,
3324 2192 3452 2260 quia

1878 2284 2052 2340 locum
2077 2284 2360 2339 obtineant
2390 2284 2748 2355 frigidiorem.
2778 2284 2910 2339 Esse
2938 2294 3119 2338 autem
3160 2284 3340 2337 lunam
3367 2284 3452 2337 in-

1876 2374 2130 2431 l'eriorem
2183 2376 2297 2431 sole
2354 2377 2659 2446 prepiorem
2718 2375 2891 2429 nobis.
2949 2373 3219 2444 Superare
3271 2385 3452 2427 autem

1880 2466 2248 2535 magnitudine
2295 2467 2463 2522 solem
2515 2464 2969 2535 Peloponnesum.
3009 2465 3214 2518 Lumen
3271 2474 3452 2535 autem

1855 2561 1982 2613 'non
2037 2559 2235 2614 habere
2283 2575 2438 2614 suum
2482 2560 2687 2625 lunam,
2731 2561 2824 2614 sed
2874 2575 2901 2612 a
2962 2560 3100 2613 sole.
3160 2558 3489 2611 Stellarum.

1879 2662 2061 2705 autem
2095 2653 2506 2706 conversionem
2541 2654 2640 2705 sub
2669 2665 2870 2705 terram
2910 2652 3045 2705 lieri.
3083 2651 3325 2706 Dt-licere
3354 2664 3455 2701 an-

1882 2753 1986 2799 tem
2019 2744 2199 2797 lnnam
2235 2753 2377 2797 terra
2419 2742 2711 2805 oﬂiciente,
2750 2743 3020 2795 interdum
3074 2752 3254 2794 autem
3288 2740 3453 2792 etiam

1878 2836 1945 2891 iis
1977 2851 2097 2905 qua:
2124 2845 2249 2889 sunt
2281 2836 2420 2888 infra
2456 2834 2672 2899 lunam,
2724 2834 2889 2890 solem
2928 2846 3105 2887 autem
3162 2832 3453 2886 novilnniis

1879 2921 2002 2976 luna
2039 2922 2330 2978 oﬂiciente.
2360 2922 2665 2976 Clinamina
2696 2932 2877 2976 autem
2907 2920 3088 2976 facere
3123 2929 3175 2975 et
3206 2920 3370 2973 solem
3401 2929 3455 2973 et

1882 3013 2087 3078 lunam,
2120 3014 2333 3081 repulsa
2376 3013 2445 3067 ab
2476 3029 2637 3080 aere;
2685 3014 2870 3068 lunam
2902 3023 3079 3068 autem
3107 3027 3247 3078 saepe
3276 3010 3455 3064 decli-

1881 3119 2012 3159 nare
2063 3114 2347 3175 propterea
2398 3103 2540 3173 quod
2602 3112 2833 3174 nequeat
2886 3117 3142 3172 superare
3177 3102 3450 3172 lrigidum.

1885 3193 1982 3248 llic
2016 3192 2263 3248 deliuivit
2296 3192 2505 3274 primus
2535 3191 2833 3246 doctrinam
2866 3188 3230 3244 defectionum
3254 3198 3307 3242 et
3336 3187 3455 3240 illu-

1880 3283 2256 3338 minationum.
2328 3282 2473 3337 Dixit
2522 3291 2700 3337 autem
2760 3291 3032 3336 terrenam
3094 3294 3214 3335 esse
3271 3279 3453 3333 lunam

1876 3377 2195 3445 babereque
2218 3376 2268 3431 iu
2306 3390 2367 3431 se
2398 3388 2619 3445 campos
2652 3382 2707 3427 et
2737 3372 2930 3427 saltus.
2961 3372 3236 3428 Circulum
3270 3383 3451 3427 autem

1875 3467 2105 3522 lacteum
2148 3467 2613 3536 repercussionem
2658 3478 2780 3519 esse
2827 3464 2965 3520 lucis
3026 3465 3302 3520 stellarum
3348 3479 3452 3518 non

1874 3565 2246 3626 superaturum
2276 3571 2304 3608 a
2338 3557 2483 3621 sole;
2518 3556 2889 3609 discurrentes
2917 3564 3095 3608 autem
3123 3555 3306 3609 stellas
3331 3564 3457 3608 tan-

1874 3663 2033 3717 quam
2067 3648 2331 3703 scintillas
2366 3647 2691 3702 resultantes
2717 3647 2849 3701 oriri
2873 3661 2938 3701 ex
2966 3658 3114 3700 motu
3148 3647 3274 3716 poli.
3304 3645 3453 3700 Ven-

1876 3751 1959 3794 tos
1981 3748 2159 3791 autem
2194 3737 2365 3802 nasci,
2387 3752 2511 3791 cum
2529 3744 2857 3791 extenuetur
2879 3750 2975 3789 aer
2993 3751 3025 3788 a
3053 3736 3166 3790 sole
3191 3745 3245 3789 ct
3271 3746 3455 3804 partes

1874 3837 2079 3884 exustze
2112 3829 2179 3881 ad
2213 3829 2396 3895 polum
2440 3829 2671 3882 subeant
2717 3838 2771 3881 et
2805 3822 3149 3881 deferantur.
3185 3826 3449 3879 Touilrua

1872 3929 2054 3972 autem
2076 3926 2125 3971 et
2153 3917 2362 3986 fulgura
2390 3932 2418 3969 a
2443 3916 2618 3970 calido
2642 3915 2757 3969 ﬁeri
2782 3916 2923 3985 quod
2949 3915 3152 3969 incidat
3178 3916 3230 3968 in
3256 3915 3447 3969 nubes.

1876 4008 2052 4062 Motus
2081 4018 2262 4083 autem
2297 4017 2456 4061 terra;
2500 4006 2615 4060 ﬁeri
2663 4022 2784 4060 cum
2835 4006 3081 4073 superior
3110 4020 3203 4059 aer
3248 4004 3449 4059 incidat

1875 4100 1929 4153 in
1960 4098 2415 4163 subterraneum;
2454 4098 2555 4151 hoc
2587 4098 2733 4151 enim
2782 4106 2928 4151 moto
2956 4098 3121 4151 etiam
3159 4109 3366 4152 reetam
3396 4097 3452 4150 in

1876 4206 1942 4245 eo
1974 4201 2175 4244 terram
2215 4191 2283 4244 ab
2308 4205 2374 4244 eo
2405 4193 2643 4245 concuti.
2680 4188 2951 4244 Animalia
2984 4198 3163 4243 autem
3210 4189 3364 4244 initio
3399 4189 3453 4243 in

1878 4283 2103 4338 humido
2133 4291 2256 4337 nata
2282 4296 2421 4346 esse,
2451 4292 2571 4351 post
2600 4282 2689 4336 illa
2719 4294 2896 4337 antem
2928 4298 2993 4338 ex
3028 4297 3087 4337 se
3116 4282 3371 4349 invicem,
3399 4291 3457 4337 et

1880 4373 2177 4429 masculina
2209 4374 2427 4445 quidem
2458 4375 2572 4429 neri
2613 4390 2736 4429 cum
2765 4390 2797 4429 a
2838 4376 3044 4447 deuris
3086 4376 3329 4445 partibus
3364 4388 3456 4430 se—

1878 4478 2089 4521 cretum
2140 4482 2323 4522 semen
2370 4467 2581 4522 dextris
2627 4470 2872 4537 partibus
2910 4468 3053 4521 uteri
3094 4466 3451 4534 adluerescat,

184 4557 286 4613 καὶ
314 4556 413 4627 τὴν
456 4556 758 4627 ὀχουμένην
787 4556 890 4624 γῆν
923 4553 1015 4608 ὑπ’
1043 4552 1208 4607 αὑτοῦ
1257 4552 1604 4606 σαλεύεσθαι.
1646 4554 1769 4606 Ζῶα

1879 4556 2138 4611 feminina
2172 4568 2351 4613 autem
2404 4573 2500 4627 per
2541 4560 2898 4613 contrarium.
2953 4558 3053 4613 llic
3097 4556 3277 4612 floruit
3310 4573 3452 4613 anno

180 4648 246 4714 δὲ
274 4648 379 4719 τὴν
407 4649 507 4718 μὲν
530 4648 703 4718 ἀρχὴν
734 4649 791 4700 ἐν
846 4645 1000 4716 ὑγρῷ
1038 4644 1293 4715 γενέσθαι
1319 4644 1385 4710 ⁸⁷,
1430 4646 1571 4714 μετὰ
1596 4646 1771 4705 ταῦτα

184 4740 246 4799 δὲ
269 4739 331 4804 ἐξ
363 4740 631 4811 ἀλλήλων,
668 4741 763 4793 καὶ
785 4740 1021 4810 ἀρῤενας
1078 4738 1177 4809 μὲν
1212 4737 1481 4806 γίνεσθαι,
1510 4739 1636 4792 ὅταν
1664 4739 1772 4794 ἀπὸ

184 4832 299 4891 τῶν
328 4831 519 4897 δεξιῶν
546 4833 730 4903 μερῶν
770 4830 1067 4901 ἀποκριθὲν
1088 4829 1150 4882 τὸ
1188 4831 1408 4899 σπέρμα
1442 4833 1554 4893 τοῖς
1576 4830 1771 4897 δεξιοῖς

1854 4689 1857 4692 ρ
1884 4644 2059 4720 primo
2086 4650 2430 4719 octogesima:
2460 4659 2668 4704 octava:
2695 4638 3051 4714 Olympiadis,
3077 4663 3185 4719 quo
3213 4658 3454 4714 tempore

1879 4753 1934 4796 et
1965 4740 2243 4797 Platonem
2275 4742 2467 4796 dicunt
2510 4750 2695 4795 natum
2739 4755 2882 4796 esse.
2931 4738 3086 4794 llunc
3117 4741 3267 4793 aiunt
3289 4739 3453 4793 etiam

1881 4850 2059 4888 rerum
2092 4834 2392 4889 futurarum
2430 4850 2726 4904 praesagum
2760 4833 2943 4887 fuisse.

187 4921 389 4993 μέρεσι
422 4924 524 4987 τῆς
558 4923 774 4991 μήτρας
808 4920 1064 5006 κολληθὴ,
1105 4920 1169 4973 τά
1198 4920 1256 4973 δὲ
1283 4920 1447 4990 θήλεα
1503 4922 1644 4975 κατά
1706 4923 2037 4979 τούναντίον.
2072 4920 2242 4989 Οὗτος
2280 4927 2532 4996 ἡκμασεν
2582 4924 2739 4988 ἔτους
2774 4925 2991 4996 πρώτου
3054 4924 3154 4995 τῆς
3188 4925 3453 4993 ὀγδοηκο-

190 5016 327 5083 στῆς
386 5013 582 5082 ὀγδόης
647 5012 1029 5082 Ὀλυμπιάδος,
1067 5012 1188 5066 καθ¹
1219 5012 1277 5066 ὃν
1312 5014 1501 5083 καιρὸν
1542 5016 1636 5069 καὶ
1704 5016 1964 5071 Πλάτωνα
2030 5017 2247 5086 λέγουσι
2294 5016 2645 5087 γεγενῆσθαι.
2686 5016 2886 5070 Τοῦτον
2948 5017 3168 5087 λέγουσι
3204 5018 3297 5070 καὶ
3318 5035 3452 5088 προ-

191 5106 503 5178 γνωστικδν
542 5106 848 5175 γεγονέναι.

258 5231 313 5287 9.
354 5228 434 5301 [p.
471 5229 559 5284 l5.
593 5228 683 5301 lli]
728 5230 1019 5302 Ἀρχέλαος
1055 5232 1115 5285 τὸ
1140 5231 1416 5303 μὲνγένος
1456 5231 1759 5300 Ἀθηναῖος,

1939 5234 2189 5307 24-25
2214 5234 2513 5312 Archelaus
2530 5232 2695 5301 stirpe
2722 5230 3072 5284 Atheniensis
3098 5228 3243 5283 (ilius
3270 5236 3448 5284 autem

1516 5394 1752 5450 ΥΑΒΙΑΞ
1798 5395 2209 5452 LECTIONES.

250 5505 297 5541 “
330 5505 609 5572 Rneperus
636 5521 687 5572 β.
720 5507 845 5565 bl0.
880 5508 935 5565 ll
961 5505 1170 5563 collatis
1205 5507 1429 5559 aliorum
1462 5509 1788 5571 scriptorum
1832 5507 2154 5562 testimoniis
2192 5507 2442 5561 lacunosa
2473 5506 2633 5559 verba
2668 5507 2737 5556 ita
2772 5502 2943 5555 reﬁcit
2974 5516 2988 5554 :
3023 5500 3455 5569 ἐξατμισθέντων

192 5575 299 5633 ὑπὸ
322 5577 419 5628 τοῦ
448 5575 601 5643 ἡλίου
628 5578 852 5635 ἐκείνων
880 5576 1209 5633 ὑποστάντα.
1287 5576 1329 5608 ³⁷
1353 5575 1557 5627 ὑδάτων
1589 5577 1863 5645 llneperus
1892 5594 1904 5629 :
1938 5577 2115 5629 αὐτῶν
2144 5581 2323 5644 Vulgo.
2401 5577 2443 5607 ³⁸
2464 5575 2735 5637 ἀντοίκοις
2767 5573 3041 5645 Roepertrs
3073 5590 3126 5642 p.
3154 5572 3411 5645 (“1.612
3438 5594 3451 5627 :

190 5646 417 5716 ἀρκετοῖς
442 5641 615 5711 vulgo.
695 5647 737 5678 ³⁹
771 5646 891 5712 τῆς.
914 5647 1012 5714 τῆς
1044 5645 1138 5697 τοῦ
1168 5646 1414 5703 Brandis.
1490 5646 1534 5677 ⁸ο
1571 5641 1721 5716 ἡλίου
1753 5647 1845 5698 καὶ
1876 5648 2104 5716 σελήνης
2130 5648 2210 5698 vel
2242 5641 2343 5716 ίκαὶ
2377 5645 2526 5716 ἡλίου
2575 5661 2628 5696 κ.
2663 5660 2711 5694 σ.
2747 5642 2962 5716 ennjic?_t
2998 5641 3211 5716 “tutetis.
3290 5644 3332 5673 “
3364 5646 3459 5695 xci“.

194 5715 742 5782 σώματαΒιοιιμιΙξδι
787 5716 1013 5784 σώματα
1059 5715 1246 5778 vulgo;
1280 5715 1381 5784 alia
1438 5724 1607 5768 tentat
1662 5715 1959 5783 Rucperus.

1531 5800 1649 5837 rus:
1685 5786 1788 5837 Τόν
1816 5802 1873 5837 τε
1916 5786 2095 5853 Vulgo.
2172 5786 2217 5817 “
2247 5784 2815 5854 καταλαμϐανομένων
2851 5812 2922 5822 -
2951 5783 3458 5854 καταλαμπομένων

192 5787 368 5853 Aliter
406 5784 685 5853 Roeperns
728 5802 780 5852 ρ.
822 5783 944 5840 ϋιι.
1022 5786 1065 5816 ⁸³
1109 5784 1212 5835 Τὸν
1260 5784 1314 5836 δέ
1347 5783 1525 5852 ltoepe

2035 5719 2078 5745 δ’
2116 5716 2207 5767 καὶ
2238 5715 2325 5766 διὰ
2377 5713 2600 5767 delenda
2633 5729 2751 5765 esse
2781 5713 3066 5781 tautologia
3102 5714 3456 5767 demonstrat.

192 5851 535 5910 Gronovius;
602 5855 647 5886 "
689 5855 744 5908 δὲ
782 5856 1055 5925 Roeperus
1090 5872 1104 5906 :
1146 5872 1206 5907 τε
1250 5854 1423 5924 vulgo.
1469 5851 1546 5886 7“
1577 5854 1942 5923 ἐμπίπτοντος
1972 5851 2325 5912 δῐιιιιιυὺίιοιιε
2364 5851 2723 5917 ἐκπίπτοντος
2753 5854 2929 5924 vulgo.
3004 5855 3047 5884 "
3071 5851 3362 5923 γεννᾶσθαι
3393 5851 3453 5919 Β.
