4002 6520
590 428 821 502 «10⁸77,

2047 408 2417 471 ORIGENIS

3706 409 3828 471 3078

592 556 702 596 uno
730 501 912 593 autem
947 533 1041 591 illo
1067 532 1391 605 gloriantur.
1425 526 1511 584 Ne
1530 526 1724 582 horum
1766 524 1986 596 quidem
2035 522 2172 578 insi-

2282 521 2748 594 ἑγκομπάξοντες.
2778 522 2915 575 Οὐδὲ
2943 520 3152 575 τούτων
3172 520 3272 593 τὴν
3294 522 3495 591 ἄσοφον
3514 501 3707 591 ’σοφίαν
3740 543 3829 579 πα-

593 632 833 701 pientem
863 625 1190 696 sapientiam
1221 619 1631 691 praetermittam
1660 656 1676 681 ,
1709 616 1801 671 sed
1825 653 1841 678 ,
1888 622 2176 684 postquam

594 734 899 791 exposuero
923 755 939 781 ,
970 731 1066 772 eos
1097 715 1188 786 qui
1222 728 1288 768 ex
1320 712 1405 768 his
1436 710 1749 781 religionem
1792 708 2015 762 deorum
2046 720 2180 759 con-

597 814 827 868 stituere
851 816 1117 864 conantur
1151 817 1441 875 coarguam
1469 801 1699 855 inﬁrma:
1725 796 1924 853 radicis
1958 804 2014 851 et
2041 794 2180 848 frau-

593 908 720 960 dum
755 903 925 971 plena:
958 915 1082 956 esse
1117 896 1430 967 discipulos.

661 996 748 1049 14.
779 993 948 1063 Igitur
973 991 1048 1046 illi
1073 991 1163 1061 qui
1194 1003 1289 1059 per
1313 986 1555 1042 calculos
1582 992 1638 1037 et
1665 993 1920 1036 numeros
1948 978 2183 1032 elemenc

592 1099 758 1156 taque
793 1096 845 1139 et
885 1085 1102 1139 nomina
1133 1079 1418 1134 vaticinari
1447 1076 1741 1146 opinantur
1784 1071 1851 1126 ab
1894 1070 1995 1125 hoc
2025 1067 2178 1137 prin-

591 1178 734 1248 cipio
764 1174 992 1246 profecti
1024 1182 1196 1228 artem
1223 1185 1377 1225 suam
1399 1170 1662 1232 condunt,
1693 1180 1816 1220 cum
1840 1163 2028 1217 dicunt
2057 1173 2180 1213 esse

594 1274 819 1328 fundum
852 1269 1047 1340 singuli
1078 1267 1341 1337 cujusque
1374 1265 1584 1319 numeri
1616 1262 1668 1315 in
1701 1256 2028 1315 chiliadibus
2059 1253 2181 1321 qui-

593 1366 715 1420 dem
754 1372 837 1418 tot
866 1361 1150 1424 monades,
1198 1360 1341 1429 quod
1376 1357 1488 1413 sint
1511 1354 1797 1417 chiliades,
1837 1348 2000 1403 veluti
2030 1345 2179 1418 74-

594 1456 701 1528 75
723 1471 816 1511 sex
837 1455 1062 1509 millium
1086 1453 1284 1507 fundus
1299 1458 1381 1506 est
1404 1451 1653 1504 senarius
1672 1460 1950 1512 numerus,
1970 1455 2177 1516 septem

593 1549 826 1604 millium
871 1546 1235 1617 septenarius,
1262 1552 1384 1597 octo
1411 1541 1638 1595 millium
1672 1538 1926 1594 mouades
1947 1547 2097 1601 octo,
2124 1546 2180 1590 et

593 1641 648 1695 in
680 1639 904 1710 reliquis
935 1638 1140 1707 pariter
1164 1677 1179 1701 ,
1209 1634 1396 1689 eadem
1428 1633 1640 1686 ratione
1684 1639 1739 1686 et
1773 1630 1825 1683 in
1856 1631 2178 1684 hecatonta-

595 1733 775 1795 (libus,
808 1741 939 1801 quot
969 1730 1074 1785 sint
1104 1726 1511 1793 hecatontades,
1541 1734 1615 1779 tot
1644 1722 1903 1777 mouades
1941 1728 2023 1774 est
2054 1721 2173 1773 l'un-

597 1825 697 1876 dus
729 1837 939 1884 earum,
969 1820 1133 1875 veluti
1168 1818 1639 1886 septingentorum
1680 1822 1887 1879 septem
1920 1821 2046 1865 sunt
2076 1812 2171 1865 he-

2280 612 2674 686 ραπέμψομαι,
2713 611 2831 666 ἀλλ’
2858 610 3155 682 ἐκθέμενος
3182 614 3310 676 τοὺς
3337 613 3399 665 ἐοκ
3421 612 3625 665 τούτων
3649 614 3829 683 ἐπιχει-

2283 700 2509 773 ροῦντας
2557 700 2871 754 θεοσέϐειαν
2907 702 3167 771 συνιστᾷν
3197 700 3403 767 ἐλέγξω
3435 699 3592 770 ῥίζης
3624 701 3833 756 ἀσυστά-

2278 810 2373 847 του
2404 794 2500 848 καὶ
2525 793 2863 864 πανουργίας
2894 794 2937 825 "
2960 792 3234 847 άναπλέου
3257 794 3305 826 ²⁶
3331 794 3497 857 ὄντας
3525 793 3776 865 μαθητάς.

2351 978 2438 1034 ﬂ.
2471 978 2547 1032 Οίπ
2568 977 2667 1048 μὲν
2705 972 2799 1031 οὖν
2835 977 2923 1031 διὰ
2960 977 3159 1048 ψήφων
3192 994 3251 1031 τε
3299 977 3396 1030 καὶ
3430 977 3681 1049 ἀριθμῶν
3714 995 3833 1031 στοι-

2279 1069 2443 1142 χείων
2472 1087 2531 1123 τε
2560 1070 2653 1123 καὶ
2677 1068 2960 1139 ὀνομάτων
2995 1068 3360 1139 μαντεύεσθαι
3394 1067 3706 1140 νομίζοντες
3730 1069 3835 1122 «εαύ⁴

2276 1180 2378 1232 την
2414 1163 2588 1234 ἀρχὴν
2631 1163 3027 1232 ἐπιχειρήσεως
3074 1161 3169 1214 τοῦ
3215 1163 3336 1215 κατ’
3384 1162 3589 1224 αὐτοὺς
3612 1161 3654 1191 ⁸⁸
3701 1160 3834 1228 λόγου

2280 1254 2598 1320 ποιοῦνται,
2645 1254 2949 1323 φάσκοντες
2984 1252 3235 1323 πυθμένα
3287 1248 3425 1305 εἶναι
3480 1251 3711 1305 ἑκάστου
3748 1250 3837 1305 τῶν

2279 1345 2546 1419 ἀριθμῶν,
2577 1346 2668 1398 ἐπὶ
2691 1345 2791 1416 μὲν
2813 1344 2921 1398 τῶν
2941 1344 3195 1415 χιλιάδων
3220 1342 3497 1406 τοσαύτας
3518 1340 3599 1415 [ν.
3630 1343 3712 1406 51,
3735 1340 3833 1414 ει]

2281 1438 2535 1509 μονάδας,
2558 1439 2678 1491 ὅσαι
2704 1436 2770 1491 ἂν
2784 1430 2885 1489 ὦσι
2908 1436 3171 1506 χιλιάδες,
3204 1431 3317 1489 οἷον
3335 1435 3448 1489 τῶν
3485 1434 3837 1505 ἑξακισχιλίων

2278 1530 2307 1582 6
2325 1528 2544 1601 πυθμὴν
2564 1527 2789 1600 μονάδες
2803 1528 2881 1595 ἒξ,
2897 1528 3005 1581 τῶν
3023 1527 3445 1599 ἑπτακισχιλίων
3468 1527 3694 1597 μονάδες
3706 1526 3836 1589 ἑπτὰ,

2280 1623 2389 1677 τῶν
2410 1622 2833 1692 ὀκτακισχιλίων
2859 1621 3087 1691 μονάδες
3112 1620 3278 1685 ὀκτὼ,
3297 1621 3392 1675 καὶ
3415 1621 3514 1673 ἐπὶ
3548 1620 3655 1673 τῶν
3674 1618 3840 1671 λοιπῶν

2286 1716 2487 1788 ὁμοίως
2537 1714 2677 1768 κατά
2721 1714 2790 1767 τά
2833 1713 3013 1779 αὐτὰ,
3054 1714 3150 1767 καὶ
3189 1713 3283 1765 ἐπὶ
3316 1711 3425 1765 τῶν
3479 1710 3838 1777 ἐκατοντάδων,

2286 1810 2411 1863 ὅσαι
2443 1808 2508 1862 ἂν
2541 1802 2674 1861 ὦσιν
2709 1808 2766 1861 αἱ
2812 1805 3167 1870 ἑκατοντάδες
3193 1844 3208 1870 ,
3255 1802 3524 1858 τοσαῦται
3582 1802 3789 1874 μονάδες
3820 1805 3841 1854 6

596 1913 942 1978 eatontades,
980 1910 1179 1965 fundus
1207 1926 1395 1965 earum
1417 1916 1623 1978 septem
1653 1904 1931 1966 monades,
1955 1915 2178 1955 sexcen-

2286 1900 2509 1972 πυθμήν
2537 1901 2685 1953 ἐστιν
2706 1897 2909 1963 αὐτῶν,
2935 1893 3047 1951 οἷον
3067 1897 3174 1950 τῶν
3198 1895 3549 1950 ἑπτακοσίων
3580 1893 3717 1948 ἑπτά
3737 1894 3843 1945 εἰσιν

598 2014 775 2058 torum
795 2018 887 2059 sex
911 2003 1315 2065 hecatontades,
1341 2000 1535 2055 fundus
1566 2011 1752 2053 earum
1782 2011 1875 2051 sex
1894 1995 2175 2049 monades.

596 2095 742 2150 Idem
777 2095 919 2149 valet
947 2104 1000 2149 et
1028 2094 1078 2148 in
1106 2093 1425 2158 decadibus,
1455 2090 1664 2145 numeri
1691 2085 2026 2157 ortogenarii
2061 2099 2180 2140 mo-

597 2189 763 2245 nades
785 2197 929 2252 octo,
958 2186 1294 2259 sexagenarii
1320 2185 1582 2240 monades
1612 2197 1730 2248 sex,
1762 2178 2177 2250 quadragenarii

2286 1993 2662 2055 ἑκατοντάδεςο
2711 1993 2740 2045 6
2770 1990 2989 2062 πυθμὴν
3031 1990 3209 2044 αὐτῶν
3256 1989 3397 2043 ἐπτά
3451 1987 3714 2059 μονάδες’
3757 1986 3845 2039 τῶν

2286 2085 2584 2152 ἑξακοσίων
2610 2084 2669 2151 ἓξ
2695 2084 3132 2147 ἑκατοντάδες”·
3154 2084 3183 2135 6
3203 2081 3423 2154 πυθμὴν
3452 2081 3642 2134 αὐτῶν
3661 2083 3791 2150 τρεῖς
3809 2080 3845 2110 n

2289 2180 2536 2252 μονάδες.
2585 2179 2661 2231 Τὸ
2707 2178 2891 2249 ὅμοιον
2929 2178 3025 2231 καὶ
3059 2177 3150 2230 ἐπὶ
3180 2176 3291 2230 τῶν
3322 2175 3594 2229 δεκάδωνο
3630 2175 3733 2227 τῶν
3768 2175 3846 2244 μὲν

598 2280 855 2335 monades
886 2287 1136 2349 quatuor,
1165 2276 1373 2331 denarii
1406 2289 1592 2330 monas
1626 2289 1750 2326 una.
1776 2271 1831 2326 lu
1860 2271 2178 2327 monadihus

2284 2273 2615 2341 ὀγδοήκοντα
2646 2271 2874 2342 μονάδες
2910 2268 3077 2334 ὀκτὼ,
3122 2268 3232 2322 τῶν
3260 2268 3316 2322 δέ
3346 2268 3622 2340 ἑξήκοντα
3655 2266 3847 2337 μονάδες

598 2380 776 2425 autem
811 2386 909 2440 pro
936 2370 1100 2425 fundo
1133 2378 1262 2425 sunt
1306 2368 1434 2438 ipsae
1468 2366 1727 2419 monades
1753 2404 1768 2428 ,
1812 2364 1974 2418 veluti
2009 2377 2177 2417 nove-

2285 2363 2375 2429 ἒξ,
2411 2361 2521 2417 τῶν
2553 2361 2966 2433 τεσσαράκοντα
3003 2360 3232 2431 μονάδες
3265 2360 3573 2432 τέσσαρες,
3607 2359 3709 2412 τῶν
3740 2359 3847 2411 δέκα

598 2463 743 2518 narii
788 2460 998 2517 numeri
1028 2475 1243 2526 novem,
1291 2457 1553 2514 octonarii
1581 2465 1740 2520 octo,
1770 2454 2062 2524 septenarii
2099 2467 2178 2507 se-

2289 2458 2455 2528 μονάς
2488 2455 2606 2526 μία.
2645 2454 2770 2508 Ἐπὶ
2794 2453 2850 2507 δὲ
2873 2453 2984 2507 τῶν
3011 2453 3276 2524 μονάδων,
3309 2452 3539 2524 πυθμὴν
3560 2454 3717 2507 αὐταί
3738 2454 3847 2505 εἰσιν

598 2568 762 2625 ptem.
792 2553 884 2609 Sic
912 2552 1076 2623 igitur
1097 2552 1261 2606 etiam
1287 2551 1338 2604 in
1364 2549 1664 2603 litterarum
1689 2546 1970 2603 elementis
1996 2553 2178 2600 tenen-

2286 2549 2341 2601 αί
2396 2546 2662 2618 μονάδες,
2712 2539 2826 2598 οἷον
2858 2544 2954 2598 τοῦ
3001 2544 3158 2598 ἐννέα
3204 2546 3232 2597 6
3276 2546 3462 2605 ἐννέα,
3518 2544 3615 2598 τοῦ
3667 2543 3848 2597 δκτὼὸ

598 2653 723 2702 dum
757 2655 862 2703 est.
917 2644 1261 2712 Unaquaeque
1296 2642 1440 2698 enim
1501 2641 1677 2696 littera
1730 2653 1959 2693 numero
2017 2638 2176 2693 alicui

2284 2636 2450 2703 ὀκτὼ,
2478 2637 2573 2691 τοῦ
2601 2639 2742 2690 ἑπτά
2770 2638 2799 2690 6
2831 2636 2991 2689 ἑπτά.
3023 2635 3205 2697 Οὕτως
3227 2630 3319 2689 οὖν
3346 2637 3439 2688 καὶ
3472 2637 3571 2689 ἐπὶ
3598 2636 3704 2689 τῶν
3733 2651 3847 2688 στοι-

597 2726 911 2810 respondet,
965 2737 1128 2791 veluti
1168 2735 1349 2790 littera
1381 2734 1426 2787 v'
1456 2732 1848 2805 quinquaginta
1887 2731 2176 2786 mouadum

2285 2729 2447 2801 χείων
2491 2732 2669 2783 ποιεῖν
2699 2729 2801 2782 δεῖο
2837 2728 3072 2782 ἕκαστον
3121 2727 3231 2800 γὰρ
3275 2714 3548 2800 στοιχεῖον
3587 2728 3727 2783 κατά
3752 2745 3849 2781 τινα

598 2839 719 2897 est;
750 2828 1142 2899 quinquaginta
1180 2834 1360 2880 autem
1391 2828 1677 2882 mouadum
1711 2824 1907 2880 luridus
1935 2834 2019 2880 est
2052 2824 2178 2894 qui-

2284 2824 2541 2878 τέτακται
2572 2822 2829 2895 ἀριθμὸν,
2851 2818 2962 2876 οῖον
2994 2823 3055 2876 τὸ
3089 2828 3135 2876 ν’
3172 2823 3519 2892 πεντήκοντα
3552 2822 3600 2854 ⁸⁸
3637 2822 3849 2894 μονάδων

597 2919 805 2981 uarius,
837 2926 891 2973 et
914 2916 1107 2971 littera:
1134 2912 1177 2969 v'
1205 2914 1403 2970 fundus
1428 2924 1515 2970 est
1545 2914 1850 2984 quinarius.
1884 2913 1997 2983 Age
2028 2928 2176 2980 vero,

2286 2916 2454 2970 ἐστίν·
2503 2915 2612 2969 τῶν
2654 2916 2706 2969 δὲ
2735 2916 2782 2948 ⁸⁸
2825 2916 3161 2986 πεντήκοντα
3196 2915 3439 2985 μονάδων
3472 2914 3697 2987 πυθμήν
3728 2917 3849 2969 ἐστιν

597 3027 663 3066 ex
712 3010 897 3080 aliquo
939 3008 1158 3062 nomine
1215 3006 1410 3061 {trudes
1467 3004 1587 3073 ejus
1639 3014 1968 3061 sumamus:
2016 3003 2177 3059 veluti

2284 3011 2313 3063 6
2341 3008 2523 3071 πέντε,
2550 3007 2759 3062 καὶτοῦ
2792 3014 2834 3063 ν’
2867 3007 3135 3078 στοιχείου
3168 3007 3178 3077 |
3213 3007 3434 3078 πυθμήν
3458 3008 3616 3060 ἐστιν
3644 3010 3671 3061 6
3693 3009 3846 3061 πέντε.

599 3101 854 3166 nominis,
886 3102 1027 3170 quod
1058 3108 1142 3154 est
1177 3096 1564 3168 Ἀγαμέμνων,
1596 3107 1681 3153 est
1710 3097 1899 3152 littere
1922 3096 1969 3150 α’
1992 3110 2178 3152 manas

2289 3101 2469 3153 Ἔστω
2500 3099 2563 3153 ἐκ
2601 3117 2699 3153 του
2727 3100 2773 3131 ²⁶
2822 3097 3087 3169 ὀνόματος
3124 3098 3251 3161 τοὺς
3286 3098 3332 3131 ’⁷
3364 3096 3564 3151 τούτου
3600 3097 3849 3169 πυθμένας

600 3210 730 3260 una,
752 3200 802 3261 γ’
834 3202 1016 3247 autem
1048 3190 1309 3246 mouades
1336 3199 1468 3252 tres.
1501 3189 1728 3245 alterius
1754 3196 1804 3244 α’
1832 3205 2022 3243 monas
2047 3204 2177 3254 una,

2284 3190 2489 3245 λαϐεῖν.
2526 3184 2653 3245 Οἷον
2686 3188 2783 3244 τοῦ
2832 3188 3194 3260 Ἀγαμέμνων
3232 3187 3503 3259 ὀνόματος
3539 3189 3740 3257 γίνεται
3772 3188 3847 3240 τοῦ

604 3303 645 3357 μ
666 3250 927 3340 ιιιόιιιιιιεε
948 3290 1204 3352 quatuor,
1221 3286 1263 3333 ε’
1282 3250 1540 3335 monades
1560 3282 1821 3350 quinque,
1850 3285 1900 3350 μ’
1920 3250 2178 3334 monades

2289 3284 2387 3355 μὲν
2417 3284 2464 3314 ’⁸
2497 3289 2546 3335 α’
2590 3282 2758 3354 μονὰς
2793 3250 2919 3356 μία,
2945 3250 3132 3336 τοῦ-δὲ
3180 3279 3231 3349 γ’
3265 3250 3497 3352 μονάδες
3543 3250 3727 3353 τρεῖς,
3772 3280 3847 3334 τοῦ

602 3381 864 3441 quatuor,
895 3367 938 3424 ν’
972 3369 1232 3424 monades
1272 3370 1541 3439 quinque,
1574 3375 1634 3423 ω’
1669 3369 1931 3424 monades
1962 3377 2103 3431 octo,
2139 3369 2178 3422 ν’

2286 3375 2446 3430 ἄλλου
2481 3382 2530 3429 α’
2565 3374 2735 3446 μονὰς
2764 3374 2863 3445 μία
2890 3374 2985 3427 τοῦ
3014 3380 3065 3445 μ’
3096 3373 3321 3446 μονάδες
3346 3375 3419 3439 δ’,
3443 3375 3547 3429 τοῦ
3579 3382 3621 3429 ε’
3655 3375 3847 3446 μονάδες

606 3465 861 3521 Inonades
901 3464 1179 3534 quinque,
1211 3478 1333 3533 qua:
1377 3462 1432 3516 in
1477 3478 1642 3516 unum
1678 3461 1940 3518 subducta
1984 3471 2178 3517 erunt:

2284 3473 2345 3532 ε’,
2378 3466 2473 3520 τοῦ
2510 3474 2563 3538 μ’
2597 3466 2821 3536 μονάδες
2844 3467 2908 3531 δ’,
2961 3465 3057 3518 τοῦ
3094 3464 3135 3517 ν’
3183 3465 3412 3536 μονάδες
3446 3466 3621 3520 πέντε
3645 3507 3659 3532 ,
3700 3464 3784 3519 τοῦ
3812 3483 3847 3517 ω

605 3560 658 3622 Ι,
689 3558 744 3623 3,
776 3558 829 3622 l,
860 3550 916 3622 δ,
944 3555 1001 3620 5,
1024 3556 1079 3620 4,
1111 3555 1169 3621 5,
1197 3555 1251 3621 8,
1278 3554 1351 3622 5;
1386 3554 1502 3609 hac
1533 3554 1763 3609 conﬂata
1799 3554 2037 3609 eiliciunt
2069 3569 2178 3608 mo-

2286 3558 2514 3629 μονάδες
2536 3556 2607 3630 η’,
2632 3556 2727 3612 τοῦ
2750 3557 2794 3611 ν’
2822 3557 3049 3629 μονάδες
3084 3563 3146 3620 ε’,
3176 3557 3311 3628 ὁμοῦ
3343 3558 3435 3610 ἐπὶ
3467 3558 3534 3610 τὸ
3572 3560 3701 3612 αὐτὸ
3724 3558 3849 3611 Eoo-vo

603 3649 775 3703 uades
799 3647 888 3703 36.
913 3646 1122 3703 Rursus
1152 3648 1345 3702 horum
1374 3644 1571 3701 fundos
1600 3657 1819 3701 sumunt
1846 3657 1899 3699 et
1924 3646 2057 3700 [lunt
2085 3660 2178 3699 nu-

2282 3667 2372 3704 ται
2395 3648 2463 3713 α’,
2480 3650 2552 3719 γ’,
2573 3656 2643 3714 α’,
2662 3650 2712 3712 6,
2736 3666 2784 3711 ε,
2802 3651 2864 3714 6',
2885 3646 2926 3702 ε’
2943 3657 3014 3723 η’,
3038 3657 3079 3703 ε’
3096 3652 3163 3684 ²⁹θ
3182 3650 3357 3705 ταῦτα
3383 3652 3710 3705 συντεθέντα
3732 3652 3850 3704 ποιεί

606 3739 744 3794 meri
776 3738 1058 3794 tricenarii
1090 3749 1224 3804 tres,
1274 3736 1475 3793 senarii
1519 3745 1701 3791 autem
1752 3736 1868 3804 ipse
1913 3734 2178 3800 senarius,

2288 3743 2522 3815 μονάδας
2563 3742 2659 3808 λς.
2701 3743 2873 3796 Πάλιν
2908 3744 3117 3798 τούτων
3169 3743 3455 3814 πυθμένας
3491 3744 3847 3816 λαμϐάνουσι,

602 3826 831 3883 conﬂata
867 3827 1027 3899 igitur
1049 3837 1160 3882 tres
1182 3837 1237 3881 et
1259 3841 1354 3883 sex
1380 3825 1626 3883 efﬁciunt
1653 3840 1871 3887 norem,
1905 3825 2178 3880 novenarii

2286 3834 2379 3888 ml.
2416 3833 2660 3901 γίνονται
2687 3831 2797 3885 τῶν
2832 3831 2933 3902 μὲν
2969 3832 3000 3885 λ
3026 3834 3175 3903 τρεῖς
3195 3874 3209 3898 ,
3243 3832 3351 3885 τῶν
3372 3832 3429 3885 δὲ
3452 3832 3513 3897 ἑξ
3544 3833 3683 3885 αὐτὰ
3704 3832 3765 3885 τά
3783 3831 3845 3893 ἐξ·

604 3929 785 3974 autem
824 3917 1025 3974 fundus
1078 3918 1429 3974 novenarius.
1485 3918 1772 3989 Acquievit
1826 3917 1991 3988 igitur
2044 3920 2178 3988 Aga-

2288 3922 2615 3979 συντεθέντα
2656 3918 2751 3977 οὖν
2782 3923 2852 3976 τά
2880 3925 3007 3994 τρία
3042 3924 3136 3978 καὶ
3163 3923 3232 3976 τὰ
3262 3923 3322 3989 ἓξ
3348 3926 3497 3977 ποιεῖ
3536 3924 3692 3978 ἐννέα
3712 3968 3726 3990 ,
3761 3922 3847 3975 τῶν

607 4013 913 4067 memnonis
958 4009 1156 4066 nomen
1194 4012 1246 4066 in
1288 4010 1457 4066 fundo
1488 4011 1578 4080 qui
1615 4026 1804 4065 novem
1838 4019 1939 4065 est.
1975 4008 2178 4064 Licebit

2284 4014 2341 4067 δὲ
2376 4013 2532 4067 ἐννέα
2568 4012 2791 4083 πυθμὴν
2820 4013 2849 4065 6
2896 4014 3070 4068 ἐννέα.
3114 4012 3425 4084 Κατέληξεν
3457 4010 3557 4069 οὖν
3591 4016 3651 4068 τὸ
3699 4016 3844 4081 Ἀγα-

609 4101 749 4155 idem
778 4101 945 4154 etiam
974 4102 1028 4155 in
1062 4101 1171 4155 alio
1200 4103 1422 4156 nomine
1456 4108 1667 4155 tentare
1694 4139 1710 4165 ,
1745 4101 1890 4170 quod
1939 4109 2024 4154 est
2052 4099 2178 4153 Ἔκ-

2289 4104 2509 4175 μέμνων
2527 4102 2699 4173 ὄνομα
2724 4104 2803 4167 εἰς
2830 4101 2921 4157 τὸν
2950 4103 3107 4157 ἐννέα
3137 4102 3410 4174 πυθμένα.
3440 4105 3627 4157 Ἔστω
3654 4104 3712 4156 τὸ
3738 4102 3847 4155 αὐτὸ

606 4209 741 4261 τωρ.
766 4189 821 4246 ld
844 4206 1038 4247 nomen
1065 4193 1225 4247 habet
1251 4194 1489 4247 litteras:
1512 4198 1552 4246 ε’
1575 4202 1627 4247 ει
1648 4199 1695 4245 κ’
1724 4202 1778 4246 et
1797 4190 1841 4244 τ’
1863 4201 1917 4246 et
1939 4189 1995 4245 ω’
2033 4200 2088 4245 et
2116 4198 2178 4261 ρ’.

2286 4195 2382 4251 καὶ
2425 4197 2517 4248 ἐπὶ
2565 4194 2726 4249 ἄλλου
2776 4194 3039 4265 ὀνόματος
3090 4196 3312 4262 ποιῆσαι
3355 4195 3451 4249 τοῦ
3508 4197 3747 4267 Ἕκτωρ.
3787 4194 3846 4246 T6

610 4282 814 4337 Harum
863 4283 1012 4337 fundi
1047 4302 1061 4337 :
1093 4282 1150 4348 5,
1180 4283 1239 4348 2,
1266 4284 1321 4348 5,
1354 4284 1408 4350 8,
1444 4285 1495 4348 1,
1532 4299 1650 4351 quae
1681 4281 1911 4337 conﬂata
1942 4282 2178 4338 efﬁciunt

2288 4286 2509 4355 Ἕκτωρ
2534 4284 2704 4354 ὄνομα
2737 4283 2851 4354 ἔχει
2879 4285 3120 4354 στοιχεῖα
3146 4283 3186 4337 ε’
3212 4285 3256 4317 ³⁸
3289 4284 3384 4337 καὶ
3419 4284 3619 4339 κάππα
3648 4284 3737 4338 καὶ
3761 4279 3844 4335 ταῦ

608 4375 868 4430 tnnnades
920 4374 1006 4437 t9.
1039 4374 1251 4429 Rursus
1273 4376 1481 4431 denarii
1518 4375 1727 4430 numeri
1758 4365 1956 4430 fundus
1993 4388 2178 4428 tuonas

2288 4379 2381 4431 καὶ
2395 4383 2452 4430 ω’
2469 4378 2563 4430 καὶ
2581 4372 2646 4448 ρ’.
2679 4374 2898 4429 Τούτων
2932 4375 3206 4445 πυθμένες
3222 4380 3285 4441 ε’,
3308 4374 3375 4445 β’,
3394 4382 3466 4443 γ’,
3486 4375 3562 4446 η’,
3584 4383 3633 4429 α’
3654 4394 3667 4407 ·
3693 4374 3843 4428 ταῦτα

609 4475 715 4532 est,
747 4466 1022 4521 novenarii
1043 4465 1390 4531 noveuarius,
1420 4480 1540 4533 quae
1568 4462 1794 4520 conﬂata
1817 4463 2063 4519 efﬁciunt
2089 4463 2178 4519 de-

2290 4467 2607 4523 συντεθέντα
2625 4469 2769 4520 ποιεῖ
2790 4465 3023 4536 μονάδας
3052 4466 3134 4520 ιϐ’.
3164 4466 3334 4521 Πάλιν
3356 4466 3465 4519 τῶν
3488 4466 3625 4521 δέκα
3650 4466 3844 4536 πυθμὴν

609 4575 750 4623 cem,
779 4558 986 4614 denarii
1017 4558 1224 4613 numeri
1258 4557 1317 4612 lit
1338 4556 1537 4611 fundus
1566 4571 1774 4611 tuonas.
1801 4555 2178 4625 Computatum

2289 4555 2390 4623 εἷς,
2422 4558 2530 4612 τῶν
2566 4559 2721 4613 ἐννέα
2753 4553 2908 4611 ὲννέα
2932 4598 2946 4623 ,
2977 4557 3014 4612 δι
3045 4558 3367 4612 συντεθέντα
3413 4563 3562 4613 ποιεῖ
3590 4560 3735 4613 δέκα·
3765 4556 3842 4610 τοῦ

612 4652 777 4721 igitur
830 4664 1028 4705 nomen
1066 4647 1313 4704 Hectoris
1360 4648 1542 4703 ellecit
1599 4646 1822 4701 fundqu
1876 4642 2178 4699 monadetn.

2288 4651 2419 4705 δέκα
2444 4652 2654 4720 γίνεται
2678 4649 2902 4721 πυθμὴν
2927 4650 3114 4721 μονάς.
3145 4651 3434 4722 Ψηφισθέν
3454 4648 3551 4705 οὖν
3570 4653 3632 4707 τὸ
3652 4652 3842 4717 Ἕκτωρ

610 4743 919 4814 Promptins
947 4753 1127 4797 autem
1163 4742 1324 4797 estin
1363 4741 1506 4796 hunc
1530 4739 1747 4794 modum
1793 4752 1905 4792 rem
1940 4737 2178 4808 aggredi.

2290 4744 2461 4814 ὄνομα
2484 4743 2707 4813 ἐποίησε
2735 4742 2989 4813 πυθμένα
3018 4743 3242 4813 μονάδα.
3272 4742 3655 4816 [εὐκολώτερον
3673 4744 3725 4795 δέ
3746 4743 3839 4792 ἐστι

611 4836 828 4892 Fundos
874 4852 943 4892 ex
980 4836 1263 4899 elementis
1294 4843 1535 4906 repertos
1561 4874 1578 4899 ,
1629 4832 1705 4887 uti
1750 4846 1894 4886 nunc
1947 4830 2178 4884 nominis

2289 4837 2349 4890 τὸ
2380 4835 2554 4899 οὕτως
2581 4838 2776 4888 ποιεῖν·
2817 4836 2946 4899 τοὺς
2974 4835 3302 4907 εὑρεθέντας
3331 4837 3397 4889 ἐκ
3442 4838 3557 4890 τῶν
3590 4834 3841 4904 στοιχείων

614 4925 862 4982 Hectoris
903 4926 1204 4997 reperimus
1237 4927 1498 4981 monades
1533 4922 1621 4991 l9,
1660 4923 1714 4978 in
1759 4936 1953 4976 novem
1976 4934 2102 4975 seca
2128 4930 2178 4974 et

2289 4928 2590 4999 πυθμένας,
2618 4928 2694 4990 ὼς
2714 4926 2811 4982 νῦν
2830 4928 2924 4980 ἐπὶ
2947 4928 3042 4981 τοῦ
3065 4929 3332 5001 Ἕκτορος
3353 4929 3617 5001 ὀνόματος
3636 4929 3839 5000 εὕρομεν

609 5020 755 5089 quod
784 5019 1109 5087 relinquitur
1153 5033 1252 5088 pro
1298 5018 1478 5072 fundis
1509 5016 1727 5071 habeto.
1764 5011 1939 5069 Veluti
1968 5026 2090 5066 cum
2121 5010 2178 5066 l9

2292 5020 2530 5091 μονάδας
2560 5017 2645 5086 ιϐ’,
2676 5021 2756 5084 εἰς
2783 5020 2941 5073 ἐννέα
2972 5021 3165 5091 μέριζε
3190 5023 3286 5075 καὶ
3322 5023 3385 5075 τὸ
3412 5022 3837 5095 περιλειπόμενον

610 5110 793 5165 divido
843 5110 900 5165 in
924 5124 1135 5175 novem,
1153 5110 1468 5180 relinquitur
1493 5125 1681 5175 unum,
1702 5110 1886 5164 novies
1912 5109 2055 5165 enim
2080 5109 2178 5165 duo

2290 5111 2572 5184 πυθμένας
2612 5110 2738 5181 λέγε
2758 5127 2773 5143 ·
2823 5105 2937 5165 οἷον
2971 5111 3040 5167 τά
3084 5113 3149 5168 ιθ⁹
3177 5113 3276 5168 ἐὰν
3310 5115 3392 5178 είς
3429 5114 3593 5169 ἐννέα
3623 5110 3826 5185 μερίζων

610 5202 853 5257 cﬂiciunl
912 5203 980 5257 l8
1028 5212 1084 5257 et
1118 5202 1445 5272 relinquitur
1503 5201 1565 5268 l;
1618 5202 1665 5257 si
1700 5202 1843 5257 enim
1875 5201 2178 5258 subduxeru

2290 5200 2365 5275 [p.
2400 5201 2636 5274 52—54]
2664 5201 3041 5271 περιλείπεται
3074 5205 3262 5274 μονὰς,
3282 5204 3500 5270 ἐννάκις
3528 5204 3635 5277 γάρ
3660 5203 3748 5258 δύο
3773 5215 3833 5268 ιη.

1914 5377 2153 5434 νΑῐὶΙιλΕ
2192 5376 2603 5435 LECTIONES.

687 5541 730 5575 ¹¹³
756 5542 852 5614 καὶ
892 5540 1247 5614 πανουργίας.
1304 5537 1653 5614 καινουργίας
1679 5536 1741 5614 ρ,
1788 5534 2116 5614 καινουργίξ
2156 5532 2226 5614 Μ..
2303 5534 2347 5565 ¹⁹
2372 5532 2648 5614 ῥιναπλέου
2673 5536 2853 5614 ὄντας.
2904 5537 3292 5614 άναπλέοντας-
3321 5537 3404 5614 C,_
3428 5534 3831 5614 ἀναπτεροῦπῇ

616 5612 742 5672 τοὺς
771 5613 841 5665 Μ.
908 5614 950 5645 ²¹
997 5601 1165 5679 αὐτῆν
1204 5601 1266 5667 C.
1342 5613 1387 5643 ²²
1435 5601 1787 5679 ἐξῆκοντάδες
1816 5606 1878 5662 C.
1913 5601 2165 5679 93595.35.
2197 5603 2341 5679 Leg.‘
2372 5603 2454 5679 ἓξ.
2497 5604 2597 5679 nisi
2627 5607 2944 5679 exciderunt
2968 5610 3153 5679 eadem
3185 5609 3345 5679 verba
3374 5609 3440 5663 de
3465 5601 3827 5679 τριακόσιρι

618 5682 666 5752 εξ
682 5669 744 5733 το
779 5688 820 5733 ν’
843 5669 1179 5752 πεντήκοντα
1228 5669 1658 5752 μονάδωνεστίν.
1682 5669 1778 5752 τδν
1796 5675 1938 5752 κατὰ
1960 5669 2211 5752 μονάδων
2232 5675 2280 5742 η’
2303 5673 2363 5734 C.
2391 5676 2485 5727 ἐὰν
2509 5674 2600 5726 τὸν
2634 5677 2776 5731 κατὰ
2807 5678 3051 5747 μονάδων
3078 5675 3148 5751 ᾖ’,
3195 5677 3262 5731 Μ.
3345 5679 3391 5709 ’⁵
3421 5669 3532 5730 τῶν
3556 5678 3629 5730 δέ.
3770 5669 3824 5731 (ἶ.

620 5751 693 5805 Μ.
761 5752 808 5784 ¹⁶
829 5753 894 5804 ἐκ
918 5739 1013 5804 toﬁ
1042 5753 1104 5809 Ο.
1172 5739 1389 5822 ’⁷’τούς.
1411 5750 1529 5803 τινὰ
1561 5749 1621 5803 Ο.
1701 5748 1745 5780 ’⁸
1770 5748 1862 5822 τοῦ
1906 5739 2115 5822 μένε-τὸ
2149 5739 2335 5822 μὲνυ,
2369 5752 2434 5809 Μ.
2494 5753 2540 5784 ²⁹
2570 5751 2633 5817 δ’,
2668 5754 2730 5815 ιι,
2763 5739 2832 5819 η”,
2868 5756 2932 5803 α’.
2969 5750 3030 5803 δ’.
3070 5739 3166 5803 κἐί.
3202 5748 3263 5804 C.
3304 5750 3347 5781 ³ο
3383 5751 3617 5819 στοιχεῖα
3644 5742 3679 5796 ε’
3710 5744 3823 5795 ιίυε-

621 5836 781 5892 pctus
827 5838 839 5873 :
873 5824 1109 5891 στοιχεῖα
1161 5822 1315 5874 ’έντε
1355 5821 1417 5887 (ἶ,
1455 5822 1691 5889 στοιχεῖα
1730 5817 1915 5883 πέντε,
1947 5822 1983 5869 ε’
2013 5817 2077 5871 Μ.
