4002 6520
155 397 301 461 3073

1245 406 1541 468 CONTRA
1580 410 1945 477 HERESES
1982 396 2127 478 LIB.
2166 416 2265 481 Iv.

3276 414 3435 477 3080'

156 518 256 565 καὶ
284 512 451 583 λοιπὴ
487 512 676 582 μονάς.
718 502 846 568 Ἐάν
887 514 996 587 γάρ
1035 494 1218 587 ὑφέλω
1240 520 1283 551 ³¹
1318 521 1427 575 τῶν
1459 523 1509 577 ιθ
1538 525 1609 578 τά
1639 526 1729 579 δε-

1836 540 2080 611 76ο77
2097 557 2161 595 ex
2184 536 2652 606 l9—l8,‘restahit
2674 539 2720 601 l,
2740 536 2812 590 ita
2836 544 2890 589 ut
2914 534 3162 589 Hectoris
3183 537 3419 592 nominis

149 603 400 667 καοκτὼ,
447 604 608 677 λοιπὴ
655 607 858 676 μονάς’
896 608 1040 662 ὥστε
1076 609 1173 663 τοῦ
1213 611 1436 684 Ἕκτωρ
1472 616 1738 686 ὀνόματος

149 696 382 767 πυθμὴν
401 697 557 750 ἔσται
587 699 774 769 μονάς.
809 698 977 755 Πάλιν
1007 700 1105 754 τοῦ
1139 703 1452 776 Πάτροκλος
1474 708 1739 777 ὀνόματος

149 787 434 857 πυθμένες
450 790 587 842 είσὶν
605 790 831 861 ἀριθμοὶ
853 786 1021 855 οὗτοι,
1037 791 1111 862 η’,
1128 801 1197 855 α’,
1220 801 1293 863 γ’,
1319 794 1385 863 ζ’,
1412 797 1477 867 β’,
1497 804 1566 867 γ’,
1585 799 1651 864 ζ’,
1669 798 1735 869 β’·

149 880 548 950 συντεθέντεςι
592 882 809 934 ποιοῦσι
857 883 1092 950 μονάδας
1130 885 1223 939 λδ⁹.
1262 887 1481 941 Τούτων
1521 890 1583 941 τὸ
1630 891 1741 944 λοι-

150 970 259 1024 πὸν
287 969 334 1001 ³¹
366 971 591 1040 μονάδες
620 972 759 1025 ἑπτά
784 1012 798 1035 ,
828 972 938 1025 τῶν
967 973 1009 1026 λ’
1040 976 1213 1045 τρεῖς,
1244 976 1339 1030 καὶ
1363 976 1475 1030 τῶν
1499 978 1542 1032 δ’
1575 978 1739 1033 αὐταὶ

149 1065 209 1115 αἱ
237 1060 280 1115 δ’
290 1103 304 1117 .
341 1062 569 1134 Πυθμὴν
600 1059 694 1116 οὖν
739 1066 844 1118 εἰσι
880 1065 974 1118 τοῦ
1006 1067 1317 1136 Πάτροκλος
1342 1069 1607 1139 ὀνόματος
1641 1087 1738 1141 μο-

149 1152 314 1216 νάδες
340 1151 406 1218 ζ’.
430 1154 493 1205 Oi
529 1154 628 1223 μὲν
655 1148 748 1208 οὗν
772 1155 913 1209 κατὰ
933 1155 1025 1209 τὸν
1057 1158 1362 1212 ὲννεαδικδν
1396 1159 1600 1215 κανόνα
1625 1160 1734 1232 ψη-

148 1243 406 1312 φίζοντες
435 1242 541 1315 [τὸ]
565 1244 609 1276 ³³
637 1245 856 1299 ἔννατον
880 1246 1332 1317 λαμϐάνουσιτοῦ
1359 1251 1737 1323 ἀθροισθέντος

148 1333 217 1385 ἐκ
250 1332 365 1387 τῶν
391 1332 681 1404 πυθμένων
712 1336 970 1406 ἀριθμοῦ,
1002 1340 1096 1393 καὶ
1127 1336 1189 1393 τὺ
1222 1343 1569 1412 περιλειφθὲν
1601 1342 1738 1414 πλῆ-

148 1425 246 1489 θος
274 1427 390 1480 τῶν
422 1427 713 1498 πυθμένων
738 1428 1033 1500 ὁρίζονται,
1056 1433 1106 1484 οἱ
1132 1432 1189 1485 δὲ
1216 1433 1355 1488 κατὰ
1384 1435 1475 1488 τὸν
1505 1435 1738 1507 ἑϐδομα-

147 1518 305 1570 τικὸν
348 1518 410 1571 τὺ
453 1518 706 1590 ἕϐδομον·
752 1516 866 1585 οἷον
903 1523 1100 1594 εὑρέθη
1143 1525 1236 1578 ἐπὶ
1284 1525 1378 1579 τοῦ
1423 1526 1739 1597 Πάτροκλος

147 1607 420 1679 ὀνόματος
440 1610 503 1663 τὸ
520 1610 613 1664 ἐπὶ
636 1611 745 1664 τῶν
774 1611 1065 1683 πυθμένων
1089 1614 1364 1686 άθροισμσ.
1390 1617 1617 1687 μονάδες
1638 1617 1735 1672 λε’

145 1701 313 1754 τοῦτο
355 1703 611 1772 μερισθὲν
653 1705 733 1767 είς
775 1704 1078 1775 ἑϐδομάδας
1124 1711 1271 1760 ποιεῖ
1293 1708 1359 1772 δ,’
1401 1710 1430 1762 ὃ
1475 1710 1594 1762 ἐστι
1634 1724 1729 1779 κη·

147 1793 339 1847 λοιπαὶ
358 1795 582 1865 μονάδες
609 1796 688 1861 ἐξ·
714 1797 861 1865 λέγει
886 1799 969 1851 ὅτι
994 1798 1023 1850 6
1046 1797 1271 1869 πυθμὴν
1302 1799 1394 1853 τοῦ
1423 1800 1736 1871 Πάτροκλος

1845 628 2043 685 fundus
2058 631 2129 684 sit
2151 630 2199 685 l.
2211 631 2414 686 ltitrsus
2432 630 2662 685 nominis
2684 630 2825 699 quod
2845 637 2926 682 est
2940 626 3251 698 Πάτροκλος
3267 629 3418 685 fundi

1841 725 1969 771 sunt
2016 721 2223 775 numeri
2276 721 2329 774 hi
2368 738 2383 774 :
2423 721 2478 785 8,
2512 720 2561 784 l,
2585 720 2639 783 ’5,
2668 719 2722 781 1,
2747 719 2802 782 7,
2829 717 2884 783 2,
2913 717 2970 780 5,
2998 718 3051 781 7,
3082 718 3151 783 2;
3200 717 3417 774 conﬂati

1839 808 2079 864 eliiciunt
2110 812 2368 866 monades
2407 810 2498 865 56.
2526 809 2729 863 Horum
2758 809 2900 878 quod
2938 808 3264 878 relinquitur
3295 824 3418 862 mo-

1840 903 2006 957 nades
2041 902 2094 965 7,
2127 903 2403 958 tricenarii
2434 902 2646 957 numeri
2677 901 2945 956 ternarius
2993 909 3048 953 et
3083 900 3416 968 quaternarii

1838 994 1957 1063 ipse
1987 996 2391 1064 quateruarius.
2439 992 2661 1048 Fundus
2707 991 2871 1061 igitur
2907 989 3136 1045 Patrocli
3184 989 3417 1044 nominis

1840 1088 2096 1141 monades
2132 1088 2184 1143 7.
2210 1086 2311 1153 Qui
2344 1087 2510 1156 igitur
2540 1084 2836 1139 secundum
2890 1083 3237 1137 novenariam
3289 1096 3418 1135 nor-

1839 1190 1981 1229 mam
2009 1185 2343 1246 computant,
2385 1193 2583 1231 nonam
2627 1183 2836 1245 partem
2882 1180 3106 1228 sumunt
3153 1171 3269 1240 ejus
3317 1187 3416 1225 nu-

1838 1267 1993 1332 meri,
2027 1268 2119 1334 qui
2148 1281 2212 1321 ex
2249 1268 2429 1322 fundis
2450 1268 2710 1323 collectus
2739 1276 2844 1329 est,
2896 1274 2953 1320 et
3002 1263 3054 1318 id
3106 1264 3247 1332 quod
3292 1261 3418 1317 reli-

1838 1367 1981 1413 ctum
2024 1368 2107 1412 est
2142 1373 2242 1428 pro
2277 1359 2620 1414 multitudine
2661 1359 2951 1412 l'nudornm
2987 1364 3296 1417 numerant,
3319 1356 3414 1424 qui

1838 1460 2017 1505 autem
2048 1452 2343 1505 secundum
2406 1452 2771 1520 seplenariam
2822 1462 3092 1512 normam,
3126 1448 3412 1517 septimam

1820 1553 2045 1610 ~partem
2076 1559 2093 1597 :
2127 1541 2288 1597 veluti
2332 1552 2542 1611 reperta
2572 1552 2656 1597 est
2682 1542 2734 1595 in
2776 1540 2993 1594 nomine
3022 1538 3252 1592 Patrocli
3296 1537 3414 1591 lun-

1840 1635 2029 1687 dorum
2077 1648 2289 1688 smnma
2327 1634 2417 1697 54,
2460 1648 2580 1701 qua!
2626 1633 2795 1687 divisa
2831 1633 2882 1685 in
2930 1632 3190 1701 septimas
3236 1638 3416 1699 partes

1836 1723 1998 1781 eﬂicit
2032 1734 2283 1794 quatuor,
2326 1740 2435 1794 quo
2459 1724 2765 1780 ellicinntnr
2785 1722 2891 1787 28;
2919 1730 3127 1777 restant
3158 1721 3415 1776 monades

1838 1832 1931 1871 sex
1976 1820 2103 1871 :ait
2129 1818 2354 1872 fumium
2400 1818 2631 1873 Patrocli
2688 1819 2921 1872 nominis
2972 1831 3091 1872 esse
3138 1816 3413 1872 senarium

145 1886 419 1957 ὀνόματός
444 1890 581 1942 εἰσιν
610 1887 669 1953 ἒξ
698 1888 836 1942 κατὰ
869 1890 960 1943 τὸν
999 1890 1379 1959 ἑϐδοματικόν.
1410 1893 1473 1945 Ei
1501 1894 1559 1946 δὲ
1582 1894 1729 1947 ἔσται

1837 1923 2120 1963 numerum
2145 1911 2440 1964 secundum
2467 1909 2829 1977 septenariam
2855 1925 3121 1962 normam.
3147 1908 3205 1963 Si
3234 1919 3412 1962 autem

151 1978 269 2050 μτ’,
299 1980 364 2033 τὸ
390 1980 622 2051 ἕϐδομον
660 1981 807 2048 λέγει
844 1981 957 2051 μβ’,
990 1982 1222 2047 ἑπτάκις
1252 1984 1360 2055 γάρ
1387 1983 1446 2051 ἒξ
1479 1985 1590 2055 μβο,
1629 1987 1729 2039 καὶ

146 2072 341 2125 λοιπὸν
373 2072 453 2125 ἓν.
488 2072 673 2136 Μονάς
715 2069 809 2127 οὖν
839 2075 1050 2144 γίνεται
1093 2076 1123 2128 ό
1160 2075 1380 2146 πυθμὴν
1420 2079 1448 2130 6
1487 2077 1597 2130 άπὸ
1624 2076 1735 2130 τῶν

150 2177 231 2231 μγ
274 2161 421 2216 κατά
462 2162 553 2215 τὸν
593 2162 969 2234 ἑϐδοματικόν.
1013 2166 1107 2218 Δεῖ
1145 2165 1201 2218 δὲ
1245 2167 1535 2239 προσέχειν
1578 2169 1673 2223 ἐὰν
1704 2168 1734 2221 6

145 2251 382 2321 ληφθεὶς
408 2253 455 2318 ’ξ
486 2252 721 2324 ἀριθμὸς
752 2255 1109 2326 μεριζόμενος
1141 2257 1419 2329 άπαρτίσῃ
1444 2295 1458 2319 ,
1492 2250 1604 2309 οἷον
1638 2256 1734 2309 ἐὰν

145 2345 212 2397 ἐκ
247 2362 392 2407 τινος
430 2345 693 2416 ὀνόματος
738 2347 1003 2411 συντιθεὶς
1033 2348 1078 2380 ³⁸
1124 2350 1251 2413 τοὺς
1278 2349 1556 2418 πυθμένας
1587 2349 1732 2418 εὕρω

144 2436 311 2504 λόγου
340 2435 499 2506 χάριν
523 2436 755 2507 μονάδας
774 2436 884 2503 λς’.
911 2438 970 2491 '0
987 2438 1043 2492 δὲ
1065 2437 1148 2504 ςλ¹
1174 2439 1529 2510 μεριζόμενος
1546 2440 1626 2503 εἰς
1641 2439 1731 2492 τὸν

143 2530 309 2582 ἐννέα
342 2528 372 2582 6
410 2529 701 2601 ἀπαρτίζει
734 2529 990 2594 ὲννεάδας
1018 2531 1257 2603 (ἐννάκις
1286 2531 1395 2601 γάρ
1422 2532 1462 2585 δ’
1492 2532 1603 2598 λς’,
1635 2531 1730 2584 καὶ

142 2621 302 2676 οὐδὲν
337 2621 771 2694 περιλείπεται)ο
807 2624 901 2677 τὸν
938 2623 1192 2694 πυθμένα
1220 2620 1314 2679 οὖν
1356 2624 1520 2679 αὑτὸν
1562 2625 1654 2678 τὸν
1684 2624 1729 2678 θ’

142 2712 312 2782 δῆλον
354 2709 511 2769 εἶναι.
557 2714 673 2769 Κᾶν
698 2716 742 2747 ⁸⁸
794 2715 958 2770 πάλιν
999 2717 1091 2770 τὸν
1125 2717 1535 2789 τεσσαράκοντα
1569 2718 1729 2771 πέντε

145 2803 386 2875 ἀριθμὸν
444 2804 761 2877 μερίζοντες
820 2806 1072 2878 εὕρωμεν
1127 2808 1501 2879 άπαρτίζοντα
1550 2810 1726 2863 ἐννέαο

146 2896 247 2948 καὶ
288 2896 399 2968 γάρ
428 2897 647 2961 ἐννάκις
678 2898 839 2953 πέντε
874 2896 988 2970 με’,
1021 2900 1117 2954 καὶ
1144 2899 1389 2953 λείπεται
1416 2900 1568 2954 οὐδέν
1588 2918 1602 2933 ·
1636 2900 1729 2954 ἐπὶ

143 2987 259 3042 τῶν
288 2989 547 3042 τοιούτων
568 2989 728 3044 αὐτὸν
757 2991 851 3044 τὸν
886 2991 1040 3044 ἐννέα
1062 2990 1280 3059 λέγουσι
1314 2991 1583 3064 πυθμένα.
1620 2993 1730 3046 Καὶ

145 3080 245 3133 ἐπὶ
276 3080 374 3134 τοῦ
403 3080 761 3151 ἑϐδοματικοῦ
791 3083 835 3114 ³⁷
862 3083 1084 3154 ὁμοίως,
1130 3083 1227 3137 ὲάν
1260 3084 1418 3153 λόγου
1451 3084 1612 3156 χάριν
1638 3085 1729 3139 τὸν

148 3170 238 3241 κη’
267 3174 350 3236 εὶς
388 3172 481 3226 τὸν
513 3173 654 3228 ἑπτά
703 3176 1020 3245 μερίζοντες
1055 3176 1449 3250 άπαρτίσωμεν
1479 3179 1730 3246 (ἑπτάκις

144 3266 259 3336 γὰρ
287 3263 331 3317 δ’
361 3266 472 3335 κη’,
505 3266 600 3319 καὶ⁵
645 3268 1020 3336 περιλείπεται
1062 3269 1238 3339 οὐδὲν)
1263 3310 1279 3337 ,
1310 3270 1403 3324 τὸν
1450 3270 1594 3324 ἑπτὰ
1638 3270 1727 3323 λέ-

144 3374 306 3425 γουσι
335 3358 607 3430 πυθμένα.
635 3360 804 3415 Ὅταν
836 3361 1022 3433 μέντοι
1049 3362 1261 3435 ψηφίζῃ
1282 3363 1352 3417 τὰ
1372 3364 1609 3436 ὀνόματα
1632 3363 1727 3419 καὶ

142 3450 379 3523 εὑρίσκῃ
410 3452 454 3483 ³⁸
495 3451 575 3514 δἰς
600 3452 663 3505 τὸ
691 3452 822 3505 αὐτὸ
848 3454 1107 3525 γράμμα,
1136 3454 1302 3522 ἅπαξ⁸
1333 3456 1465 3510 αὐτὸ
1497 3457 1507 3527 |
1559 3455 1728 3527 ψηφί-

143 3540 251 3608 ζει,
283 3537 397 3597 οἷον
427 3543 490 3597 τὸ
518 3544 833 3615 Πάτροκλος
860 3546 1032 3616 ὄνομα
1052 3547 1100 3579 ³⁹
1130 3547 1226 3601 καὶ
1253 3548 1313 3602 τὸ
1340 3546 1394 3600 π’
1421 3549 1471 3601 α’
1507 3549 1588 3613 δὶς
1612 3550 1725 3621 ἔχει

148 3637 246 3689 καὶ
273 3635 333 3687 τὸ
362 3641 404 3688 ο¹
435 3636 535 3699 δὶς,
568 3635 716 3701 ἅπαξ
743 3633 835 3691 οὖν
864 3638 926 3690 τὸ
954 3636 1003 3716 αξ
1033 3639 1333 3711 ψηφίζουσι
1370 3643 1467 3696 καὶ
1494 3642 1640 3709 ἅπαξ
1667 3644 1731 3697 τὸ

140 3726 205 3781 o'.
239 3726 400 3780 Κατά
428 3726 582 3781 τοῦτο
606 3723 698 3782 οὖν
728 3729 1005 3801 πυθμένες
1034 3730 1249 3785 ἔσονται
1272 3750 1328 3804 η,
1362 3734 1433 3798 α’,
1458 3741 1529 3803 γ’,
1556 3741 1626 3801 α’,
1657 3736 1723 3803 ζ’,

144 3818 213 3888 β’,
250 3825 312 3888 (⁸,
335 3818 402 3889 β’,
420 3821 516 3873 καὶ
544 3820 892 3885 συντεθέντες
922 3821 1133 3877 ποιοῦσι
1170 3825 1403 3895 μονάδας
1428 3825 1475 3858 ⁸⁸
1502 3823 1603 3890 κζ’,
1629 3828 1727 3880 καὶ

146 3910 304 3963 ἔσται
337 3910 558 3983 πυθμὴν
588 3911 680 3965 τοῦ
709 3912 973 3983 ὀνόματος
1002 3916 1144 3969 κατὰ
1171 3916 1268 3985 μὲν
1295 3916 1388 3969 τὸν
1415 3918 1725 3971 ὲννεαδικὸν

144 4002 311 4065 αὐτὸς
328 4004 356 4055 6
379 4003 556 4067 ἐννέα,
583 4003 726 4057 κατά
740 4004 798 4058 δὲ
818 4004 906 4059 τὸν
929 4006 1285 4076 ἑϐδοματικὸν
1310 4008 1387 4074 ἐξ.
1426 4009 1657 4081 Ὁμοίως
1682 4011 1724 4042 ⁸³

143 4092 450 4165 Σαρπηδὼν
472 4095 765 4164 ψηφισθεὶς
807 4100 952 4151 ποιεῖ
980 4099 1213 4168 μονάδας
1243 4103 1382 4155 κατὰ
1410 4098 1489 4173 [p.
1513 4099 1601 4156 54.
1631 4100 1723 4173 55]

140 4186 235 4239 τὸν
264 4185 573 4239 ὲννεαδικδν
597 4187 689 4239 δύο
718 4188 987 4259 πυθμένα,
1014 4190 1326 4262 Πάτροκλος
1365 4192 1423 4246 δὲ
1456 4195 1600 4246 ποιεῖ
1625 4210 1724 4264 μο-

142 4279 310 4342 νάδας
337 4277 402 4330 θ¹’
427 4279 554 4350 νικᾷ
587 4279 915 4351 Πάτροκλος.
946 4282 1115 4336 Ὅταν
1144 4288 1252 4355 γὰρ
1342 4285 1371 4338 6
1400 4286 1498 4357 μὲν
1524 4284 1602 4349 εἷς
1626 4304 1727 4339 πε-

145 4372 355 4443 ρισσὸς,
398 4373 427 4424 6
464 4372 522 4425 δὲ
564 4372 751 4444 ἔτερος
795 4374 980 4445 ἄρτιος
1009 4414 1024 4440 ,
1070 4377 1100 4429 6
1145 4378 1404 4448 περισσὸς
1439 4381 1594 4452 νικᾷ,
1630 4381 1725 4435 ὲάν

145 4464 356 4534 μείζων
513 4465 680 4519 Πάλιν
706 4465 763 4520 δὲ
792 4468 889 4521 ἐὰν
1027 4469 1172 4524 ὀκτὼ
1199 4471 1387 4542 ἄρτιος
1436 4474 1531 4527 καὶ
1562 4474 1727 4526 πέντε

1833 2000 1937 2056 erit
1966 2001 2058 2065 45,
2097 2002 2299 2070 septies
2332 2012 2604 2072 sumptum
2641 2002 2773 2057 dicit
2799 2002 2889 2068 42,
2920 2001 3122 2070 septies
3152 2000 3295 2054 enim
3319 2015 3413 2054 sex

1833 2092 1991 2147 ellicit
2010 2093 2080 2147 ιε
2101 2105 2155 2148 et
2179 2102 2349 2148 restat
2376 2108 2563 2151 unum.
2590 2093 2776 2149 Menas
2800 2094 2965 2162 igitur
2980 2094 3197 2147 exsistit
3222 2092 3418 2149 fundus

1834 2186 2044 2239 numeri
2062 2184 2131 2238 45
2148 2185 2441 2240 secundum
2460 2185 2819 2253 seplenariam
2838 2199 3104 2238 normam.
3122 2182 3418 2238 Observan-

1833 2276 1958 2328 dum
1984 2285 2163 2330 antem
2190 2285 2294 2339 est,
2328 2290 2452 2329 cum
2484 2285 2732 2344 smnptus
2754 2291 3015 2329 numerus
3040 2274 3250 2329 divisus
3278 2274 3411 2328 nihil

1836 2364 2029 2431 reliqui
2061 2364 2243 2424 l’aciet.
2264 2364 2426 2418 veluti
2445 2379 2565 2418 cum
2582 2379 2648 2419 ex
2673 2363 2922 2434 qquiam
2951 2377 3175 2416 numero
3197 2377 3418 2429 compo-

1833 2470 1967 2511 nens
1990 2455 2183 2510 fmulos
2219 2456 2493 2522 invenero,
2516 2466 2574 2509 ut
2594 2456 2843 2525 exemplo
2867 2466 3013 2523 utar,
3035 2456 3288 2510 monades
3321 2456 3411 2510 36.

1831 2544 2099 2602 Numerus
2128 2554 2306 2602 autem
2342 2548 2412 2602 36
2441 2547 2648 2602 divisus
2672 2548 2724 2602 in
2752 2561 2941 2602 novem
2978 2557 3228 2602 accurate
3256 2546 3417 2602 elﬁcit

1831 2648 2062 2709 quatuor
2108 2640 2397 2703 enneades,
2456 2640 2642 2693 novies
2679 2640 2821 2692 eiiim
2858 2649 3093 2708 quatuor
3148 2636 3411 2693 eﬂicit36

1831 2748 1931 2788 nec
1954 2732 2249 2802 quidquam
2290 2734 2482 2803 reliqui
2520 2734 2601 2787 (it.
2631 2734 2889 2802 Apertum
2924 2732 3091 2803 igitur
3120 2741 3202 2786 est
3239 2733 3414 2803 ipsum

1832 2823 2054 2877 fundum
2077 2838 2197 2879 esse
2216 2824 2271 2879 9.
2293 2824 2358 2878 Et
2382 2825 2471 2878 ubi
2499 2840 2686 2879 rursus
2712 2838 2993 2879 numerum
3018 2823 3087 2877 45
3114 2822 3417 2878 dividentes

1831 2917 2165 2987 reperiemus
2196 2931 2477 2973 numerum
2537 2918 2886 2973 novenarium
2942 2917 3072 2971 nihil
3114 2917 3303 2986 reliqui
3337 2916 3415 2971 la-

1829 3027 1952 3068 cere
1976 3010 2196 3086 (elenim
2222 3014 2410 3069 novies
2436 3014 2672 3084 quinque
2700 3012 2865 3067 ellicit
2892 3011 2961 3067 65
2988 3026 3084 3065 nec
3122 3010 3414 3080 quidquam

1833 3110 2047 3177 restat),
2082 3109 2133 3163 in
2182 3108 2382 3165 talibus
2419 3109 2605 3164 dicunt
2640 3107 2811 3179 ipsum
2844 3106 3197 3163 novenarium
3234 3121 3416 3161 numeo

1756 3232 1802 3294 ο
1836 3216 1953 3255 rum
1976 3216 2098 3257 esse
2121 3200 2367 3257 fundum.
2400 3201 2468 3256 Et
2496 3201 2548 3255 in
2582 3200 2892 3270 septenario
2935 3200 3176 3268 pariter;
3210 3198 3326 3265 tibi,
3358 3207 3414 3253 nt

1834 3293 2138 3365 exemplum
2198 3308 2487 3363 ponamus,
2551 3309 2834 3349 numerum
2896 3293 2965 3348 28
3018 3294 3071 3347 in
3133 3305 3413 3347 numerum

1833 3384 2198 3453 septenarium
2221 3384 2523 3440 dividentes
2556 3384 2686 3439 nihil
2717 3382 2908 3455 reliqui
2937 3383 3165 3438 facimus
3191 3382 3414 3453 (septies

1834 3478 1975 3533 enim
2006 3486 2241 3548 quatuor
2281 3477 2443 3531 edicit
2477 3477 2569 3543 28,
2599 3491 2696 3532 nec
2725 3478 3016 3547 quidquam
3054 3476 3414 3546 relinquitur),

1833 3573 2197 3642 septenarinm
2225 3573 2410 3627 dicunt
2438 3572 2682 3628 fundum.
2712 3572 2801 3627 llle
2843 3572 3009 3644 igitur
3044 3587 3166 3627 cum
3195 3586 3413 3640 compu-

1835 3674 1908 3718 tat
1941 3665 2154 3719 nomina
2181 3674 2235 3719 et
2264 3665 2463 3735 reperit
2494 3666 2739 3720 eamdem
2788 3664 3022 3719 litteram
3052 3664 3134 3719 his
3159 3664 3413 3732 positam,

1834 3757 2000 3812 semel
2036 3772 2155 3812 eam
2194 3766 2495 3826 computat,
2532 3756 2697 3811 veluti
2728 3755 3040 3828 Πάτροκλος
3068 3772 3261 3809 nomen
3286 3763 3340 3810 et
3374 3772 3413 3808 π

1832 3866 1867 3901 α
1897 3848 2106 3905 litteras
2146 3848 2229 3903 bis
2262 3848 2421 3904 habet
2449 3858 2555 3903 eto
2583 3848 2819 3903 litteram
2856 3846 2978 3912 bis;
3032 3847 3199 3902 semel
3251 3847 3413 3917 igitur

1832 3957 1868 3995 α
1897 3948 2229 4011 computant,
2262 3940 2429 3995 semel
2478 3956 2526 3995 ο.
2580 3939 2889 3994 Secundum
2922 3940 3024 3994 hoc
3063 3939 3230 4009 igitur
3260 3938 3411 3993 l‘undi

1832 4040 2033 4087 erunt:
2071 4032 2209 4099 8,1,
2251 4032 2306 4097 5,
2364 4032 2415 4096 1,
2459 4032 2515 4097 ἵ,
2561 4033 2615 4097 2,
2646 4032 2701 4096 5,
2743 4030 2799 4098 2,
2826 4042 2881 4087 et
2916 4030 3131 4086 conﬂati
3178 4029 3412 4085 eﬂiciuut

1834 4124 2092 4181 monades
2123 4123 2217 4190 27,
2243 4134 2297 4180 et
2325 4126 2431 4180 erit
2464 4126 2662 4181 fundus
2707 4124 2941 4179 nominis
2982 4123 3277 4179 secumlnm
3312 4139 3411 4177 uno

1832 4218 2107 4272 venariam
2146 4234 2393 4273 normam
2420 4219 2536 4287 ipse
2563 4220 2891 4273 nnvenarius
2915 4232 3189 4283 numerus,
3219 4231 3415 4269 secun-

1834 4312 1958 4365 dum
2001 4312 2365 4381 septenariam
2402 4312 2651 4383 78-79
2700 4321 2878 4366 antem
2911 4311 3177 4365 senarius.
3208 4310 3415 4364 Pariter

1834 4401 2108 4472 Sarpedon
2150 4414 2488 4476 computalus
2520 4405 2680 4460 ellicit
2716 4405 2972 4459 monadcs
3002 4402 3292 4459 secundum
3319 4419 3415 4456 no-

1833 4497 2111 4551 venariam
2175 4514 2415 4553 normam
2454 4498 2726 4553 hinarium
2765 4512 3048 4553 numerum
3094 4512 3191 4565 pro
3225 4495 3410 4562 l'nmlo,

144 4558 440 4650 περισσὸς,
475 4560 505 4650 6
540 4558 714 4650 όκτιὶο⁸
740 4562 886 4650 νικᾷ,
944 4560 1146 4631 μείζων
1183 4565 1290 4635 γάρ
1337 4567 1507 4621 ἐστιν.
1550 4568 1615 4620 Et
1668 4569 1726 4623 δέ

1831 4583 2114 4641 Patroclus
2140 4599 2318 4642 autem
2350 4586 2512 4642 ellicit
2540 4587 2795 4643 momdes
2826 4587 2880 4650 9,
2917 4558 3409 4640 vincit-Patroclus,

143 4645 283 4695 εἰσιν
307 4642 351 4672 ⁸³
382 4643 609 4713 ἀριθμοὶ
655 4643 749 4697 δύο
782 4641 893 4700 οἷον
925 4648 1223 4720 ἀμφότεροι
1258 4652 1436 4722 ἄρτιοι
1480 4653 1513 4724 ἢ
1545 4653 1723 4725 ἀμφό-

142 4751 292 4804 τεροι
316 4737 587 4805 περισσοὶ,
608 4738 637 4789 6
666 4737 909 4792 ἐλάσσων
932 4743 1077 4813 νικᾷ.
1105 4743 1228 4807 Πῶς
1249 4744 1305 4798 δὲ
1330 4748 1360 4799 6
1388 4749 1723 4815 Σαρπηδὼν

143 4824 287 4879 κατά
313 4825 408 4879 τὸν
438 4827 741 4884 ἑννεαδικὸν
774 4830 822 4863 ⁸³
853 4835 1000 4887 ποιεῖ
1032 4836 1265 4905 μονάδας
1300 4837 1425 4902 δύος
1454 4840 1721 4913 Παραλεί-

144 4934 308 4972 πεται
334 4918 379 4950 ⁸⁸
406 4919 516 4988 γάρ
545 4921 605 4975 τὸ
642 4929 701 4976 ω’
732 4927 1018 4995 στοιχεῖον
1049 4928 1181 4984 ὅταν
1205 4930 1312 5003 γὰρ
1340 4928 1375 5006 ᾗ
1408 4934 1467 4986 ὲν
1497 4934 1723 5005 ὀνόματι

142 5013 410 5103 στοιχεῖον
430 5030 476 5065 ω
499 5014 686 5103 καὶῗηκ
705 5018 1182 5089 παραλιμπάνουσι
1207 5024 1268 5077 τὸ
1282 5025 1341 5078 ω’
1369 5026 1451 5080 ἑνὶ
1473 5031 1723 5103 στοιχείῳ

141 5099 458 5170 χρώμενοι*
505 5102 848 5175 ἰσοδυναμεῖν
884 5107 995 5180 γάρ
1028 5109 1247 5180 λέγουσι
1289 5114 1358 5169 τὰ
1393 5099 1722 5193 ἀμφότερα,

138 5194 219 5258 δὶς
246 5194 309 5249 δὲ
354 5194 420 5248 τὸ
467 5196 601 5252 αὐτὸ
631 5198 695 5252 οὐ
744 5198 1076 5271 ψηφίζεται,
1122 5205 1200 5272 ὼς
1231 5208 1438 5265 ἄνωθεν
1483 5213 1722 5285 εἴρηται.

1825 4676 1959 4731 Nam
1994 4693 2114 4733 cum
2162 4686 2246 4734 est
2288 4678 2424 4734 alter
2452 4678 2648 4733 fundus
2678 4678 2875 4748 impar,
2908 4678 3045 4731 alter
3071 4686 3250 4731 autem
3290 4690 3409 4744 par,

1828 4769 2007 4840 impar
2030 4770 2216 4833 vincit,
2249 4770 2338 4824 uhi
2376 4768 2548 4839 major
2576 4777 2678 4825 est.
2716 4770 2922 4823 Rursus
2963 4777 3143 4822 autem
3174 4782 3296 4821 cum
3329 4775 3409 4819 est

1823 4854 2137 4912 octonarius
2163 4870 2260 4925 par
2303 4865 2359 4912 et
2390 4856 2675 4925 quinarius
2710 4856 2903 4925 impar,
2931 4853 3242 4909 octonarius
3287 4852 3405 4905 vin-

1823 4948 1918 5011 cit,
1961 4950 2133 5018 major
2173 4950 2318 5005 enim
2366 4958 2471 5005 est.
2530 4950 2627 5005 Sin
2676 4964 2806 5004 vero
2859 4956 2988 5004 sunt
3036 4945 3246 5001 numeri
3301 4945 3410 4999 duo

1826 5042 1989 5096 veluti
2021 5051 2249 5111 uterque
2276 5042 2452 5110 impar
2486 5040 2570 5097 vel
2606 5050 2833 5111 uterque
2862 5055 2982 5111 par,
3024 5038 3252 5095 inferior
3278 5037 3402 5091 vin-

1823 5131 1920 5187 cit.
1981 5132 2081 5199 Qui
2134 5143 2312 5187 autem
2368 5132 2649 5202 Sarpedon
2711 5133 3006 5189 secundum
3058 5129 3408 5186 novenariam

1828 5235 2074 5277 normam
2120 5220 2286 5278 efﬁcit
2334 5223 2595 5280 monades
2621 5224 2759 5282 duas
2785 5225 2810 5279 2
2839 5223 3045 5299 Nempe
3070 5222 3339 5278 omittitur
3362 5236 3410 5273 ω

1424 5387 1657 5445 VARUE
1694 5388 2099 5454 LECTIONES.

208 5544 249 5576 ³¹
285 5543 468 5613 ὐφέλω
494 5544 771 5611 Roeperns
825 5553 948 5609 coll.

142 5612 182 5691 ῨΪ
215 5613 458 5691 λειφθεὶς
484 5616 546 5682 C,
580 5617 653 5691 Μ.
729 5622 773 5653 ³⁸
804 5612 1079 5690 συντεθὲὶς
1112 5612 1191 5685 δι’
1225 5612 1500 5691 “hia;

1000 5571 1054 5643 ρο
1090 5557 1155 5643 72
1176 5601 1191 5625 ,
1222 5562 1630 5643 διμάφελῶ-ς..
1768 5569 1849 5643 __“
1871 5572 2080 5628 λοιπόν.
2133 5574 2353 5628 ἔλαττον
2385 5576 2448 5643 C,
2515 5576 2586 5632 M.
2662 5577 2710 5609 ⁸³
2756 5575 2816 5631 τὸ
2845 5575 2970 5634 add.
3004 5575 3051 5630 Μ
3083 5574 3207 5631 coll.
3246 5573 3282 5629 l.
3315 5572 3407 5628 28.

1825 5677 1863 5717 τ-
1943 5643 1985 5674 ιτ
2009 5645 2160 5717 ςιοὺςμ
2193 5642 2585 5715 ἑϐδοματικοὺς
2622 5647 2682 5717 C,
2717 5647 2786 5701 Μ,
2890 5647 2936 5678 u
2962 5646 3205 5717 ερρίσκει
3239 5644 3306 5717 β.
3361 5642 3409 5717 ,ο

143 5682 700 5788 Ἀὲἷίῗδὶῗῗέιὲξῖὲῖῑδ
732 5703 875 5788 5‘9".“
900 5696 1240 5788 Parmam.
1266 5703 1487 5788 leam";
1526 5706 1650 5788 υῖρν
1679 5682 1745 5763 ῖδ
1766 5682 2581 5788 ’ἱίᾲεροκ>ἷᾶἕ’δνὲὶὶιῖ⁸ῖέ’ΐὲἷέ
2605 5682 2762 5788 έέἱέἱῗ
2773 5687 2937 5783 ’ἅπαξ
2962 5682 3210 5771 ἓξΐέἴὲ
3229 5682 3413 5788 ivist-

144 5751 293 5853 Eguf:
313 5769 328 5784 '
359 5755 872 5853 xeid-r-ojro,xx.ﬂr.
900 5764 962 5853 λὶς
984 5765 1053 5830 Μ,
1079 5774 1278 5853 an‘iste
1308 5751 1699 5848 ἧαπάτροκὶίος
1720 5751 2307 5853 ἶποῖἶινῖτξὲυῆίδῗιόνὲἒξ
2337 5751 2397 5841 (Ἰί

144 5821 203 5888 υ,
235 5821 309 5877 Μ.
410 5826 429 5857 ³
451 5821 757 5883 ἑννεατικλρι
785 5834 843 5887 (3.
921 5837 963 5866 ⁵³
1000 5821 1518 5907 π’]ράλνε-ίῖτοντᾘιῖέ

2478 5789 2518 5819 ³⁸
2560 5779 2817 5859 Ὁμοίως.
2853 5779 3009 5857 ὄμίὲξ
3032 5784 3094 5843 C.
3178 5779 3406 5856 “ﬁo—GV
