4002 6538
102 448 235 514 3091
1174 406 1179 408 ⁷
1229 445 1527 508 CONTRA
1556 446 1921 508 HERESES
1954 445 2098 506 LIB.
2139 444 2237 505 Iv.
3216 443 3355 507 3092

103 566 196 619 ml.
255 562 559 633 τιθυμάλου
613 561 745 627 όπδς
798 562 892 617 καὶ
947 560 1119 632 συκῆς
1165 565 1312 618 ποιεῖ
1369 564 1432 618 τὸ
1475 564 1681 635 δμοιον.

1795 562 2013 619 introire
2036 560 2193 632 jubet
2222 560 2314 630 qui
2356 557 2553 613 adsunt
2591 558 2884 613 instructos
2916 559 3079 614 ramis
3116 557 3251 614 lauri
3298 572 3355 616 et

117 654 342 725 Ἐπειδὴ
381 654 439 709 δὲ
476 653 663 725 ἔμαθε
709 655 810 726 τὴν
858 653 1129 725 ἐρώτησιν
1156 653 1352 718 οὕτως,
1384 654 1396 725 1
1425 654 1547 708 τίνα
1580 656 1686 726 χρὴ

1795 653 2100 723 quatientes
2130 660 2189 708 et
2218 649 2583 706 vociferantes
2615 661 2672 704 et
2695 648 2872 705 Pbren
2904 650 3219 708 invocantes
3246 655 3355 709 dae-

105 747 307 817 τρόπον
362 746 754 816 ἀποκρίνεσθαι
802 746 1126 820 προύνόησε.
1181 745 1291 799 Καὶ
1335 744 1519 798 λοιπὸν
1552 746 1687 799 εἵσω

1795 762 2043 812 nionem;
2066 744 2266 800 etenim
2298 742 2552 798 invocare
2584 742 2733 796 illum
2767 742 2865 796 hos
2895 742 3069 809 decet,
3105 754 3161 799 et
3195 746 3297 799 hoc
3322 759 3354 799 ι

80 839 406 909 ’παρελθεῖν
453 837 667 891 κελεύει
712 836 839 900 τοὺς
900 836 1176 906 παρόντας
1223 835 1428 903 δάφνας
1470 834 1690 904 ἔχοντας

108 932 202 984 καὶ
232 931 479 991 σείοντας
515 930 611 984 καὶ
656 927 996 998 κεκραγότας
1043 925 1138 980 κα)⁸
1168 924 1261 979 τὸν
1298 926 1441 997 φρῆν
1492 928 1690 979 ἐπικα-

108 1020 339 1083 λοῦντας
368 1020 418 1052 ⁸⁸
449 1019 711 1088 δαίμονα’
768 1017 865 1071 καὶ⁵
919 1018 1028 1088 γάρ
1076 1014 1353 1069 ἐπικαλεῖν
1391 1016 1437 1047 ⁸⁸
1480 1014 1692 1078 τούτοις

111 1112 318 1179 πρέπει
346 1110 439 1164 καὶ
476 1109 634 1162 τοῦτο
669 1109 839 1161 αἰτεῖν
870 1107 1020 1178 παρὰ
1050 1106 1323 1177 δαιμόνων
1370 1103 1518 1169 ἄξιον
1560 1104 1627 1167 ⁵⁸,
1662 1101 1691 1155 δ

108 1202 171 1255 δι’
203 1200 390 1254 αὑτῶν
421 1199 467 1231 ⁸⁷
517 1197 779 1270 παρέχειν
828 1197 890 1250 οὐ
944 1195 1190 1248 θέλουσιν
1248 1191 1613 1254 ἀπολέσαντες
1641 1189 1691 1222 ⁸⁸

111 1295 209 1355 τὰς
246 1292 474 1361 φρένας.
524 1289 599 1341 Τὸ
624 1289 682 1341 δὲ
720 1288 963 1359 ἄκοσμον
995 1286 1095 1356 τῆς
1136 1285 1266 1357 βοῆς
1309 1286 1406 1339 καὶ
1442 1285 1471 1337 ὁ
1519 1282 1691 1352 ψόφος

112 1378 191 1446 οἷς
217 1384 277 1437 ἐν
308 1380 607 1452 ἀπορρήτῳ
628 1380 674 1411 ⁵⁸
695 1379 1052 1450 πεποιηκέναι
1074 1378 1353 1449 νομίζεται
1375 1376 1419 1409 ⁸⁸
1451 1390 1691 1446 παρακοο

110 1474 329 1527 λσοθεῖν
372 1471 616 1526 ἐκώλυσε
639 1471 706 1525 ⁶¹.
742 1470 875 1523 Τίνα
902 1470 960 1523 δὲ
980 1468 1155 1523 ταῦτά
1194 1470 1334 1533 ἐστι,
1361 1465 1551 1537 καιρὸς
1584 1465 1694 1518 λοι-

115 1568 217 1620 πὸν
244 1565 452 1633 λέγειν.
487 1564 633 1617 Πολὺ
660 1563 758 1634 μὲν
785 1557 879 1617 οῦν
914 1561 1174 1632 τυγχάνει
1193 1560 1254 1614 τὸ
1284 1559 1496 1622 σκότος.
1529 1557 1692 1625 Λέγει

113 1657 223 1726 γὰρ
251 1655 515 1709 ἀδύνατον
542 1654 614 1708 τά
643 1653 763 1707 θεῖα
782 1653 913 1724 όρᾷν
936 1651 1137 1724 θνητήν
1160 1650 1341 1721 φύσινσ
1374 1647 1557 1703 ἱκανὸν
1582 1646 1692 1716 γὰρ

115 1749 171 1801 τὸ
209 1747 440 1819 ὁμιλεῖν.
470 1743 816 1805 Κατακλίνας
847 1742 903 1794 δὲ
925 1741 1015 1795 τὸν
1057 1740 1222 1795 παῖδα
1254 1739 1438 1812 πρηνῆ
1466 1737 1562 1792 καὶ
1599 1736 1695 1790 δύο

116 1838 225 1892 τῶν
282 1836 700 1907 γραμματιδίων
748 1834 993 1897 ἐκείνων,
1045 1834 1189 1903 άπερ
1243 1827 1311 1904 ἦν
1378 1832 1693 1900 ἐγγεγραμ-

122 1929 257 1999 μένα
300 1929 345 1960 ⁸⁸
393 1928 699 1997 Ἑϐραϊκοῖς
731 1926 892 1996 δῆθεν
937 1926 1260 1996 γράμμασιν
1313 1924 1389 1988 ὡς
1426 1922 1695 1993 δαιμόνων

118 2022 388 2090 ὀνόματα,
430 2020 642 2090 πλευρᾷ
678 2017 939 2089 παραθεὶς
967 2016 1205 2087 ἑκατέρᾳ
1233 2015 1279 2046 ⁸⁸
1303 2014 1372 2068 τά
1402 2012 1565 2067 λοιπά
1581 2014 1697 2076 τοῖς

120 2113 257 2167 ὠσὶν
278 2113 532 2183 ἐνθήσειν
562 2112 731 2180 λέγει.
770 2111 925 2164 Ἔστι
961 2109 1018 2163 δὲ
1039 2108 1196 2161 τοῦτο
1224 2106 1357 2160 αὐτὸ
1376 2107 1695 2175 ἀναγκαῖον,

121 2215 209 2268 ἵνα
236 2231 292 2267 τι
324 2212 543 2285 παραθῇ
595 2213 707 2274 τοῖς
738 2209 842 2262 ὠσὶ
868 2209 959 2262 τοῦ
1012 2206 1200 2270 παιδὸς
1240 2205 1495 2276 ὄργανον,
1539 2204 1608 2257 δι’
1635 2194 1697 2256 οὗ

122 2303 234 2354 πᾶν
258 2301 377 2354 ἐστι
408 2301 649 2370 σημᾶναι
676 2299 722 2330 ⁸⁸
768 2298 1020 2352 θέλονταο
1062 2297 1187 2366 ἠχεῖ
1212 2294 1354 2349 δὲτὸ
1396 2295 1440 2325 ⁸⁸
1477 2291 1697 2365 πρῶτον

126 2393 213 2446 ἵνα
235 2391 447 2463 φοϐηθῇ
470 2392 498 2445 ό
527 2393 674 2456 παῖς,
698 2391 790 2443 καὶ
810 2389 1059 2460 δεύτερον
1092 2384 1382 2456 ἐπιϐομϐεῖ
1405 2386 1474 2447 ⁸⁸,
1505 2383 1696 2437 ἔπειτα

128 2488 189 2539 τὸ
223 2485 410 2557 τριτον
434 2482 581 2535 λαλεῖ
610 2482 705 2535 διὰ
718 2480 812 2535 τοῦ
851 2481 1106 2552 ὀργάνου,
1132 2479 1168 2533 ἃ
1204 2478 1383 2546 λέγειν
1411 2477 1502 2531 τὸν
1532 2476 1698 2529 παῖδα

127 2577 401 2649 βούλεται,
424 2575 519 2629 καὶ
538 2574 636 2645 τὴν
659 2572 884 2626 ἔκϐασιν
903 2571 998 2625 τοῦ
1025 2571 1348 2641 πράγματος
1368 2569 1444 2634 ὡς
1461 2569 1607 2623 δοκεῖ
1627 2570 1694 2633 ιτ,

128 2668 201 2740 [μ.
229 2664 466 2735 64—66]
499 2658 615 2717 εἶτα
645 2664 769 2726 τοὺς
800 2663 897 2733 μὲν
929 2661 1200 2731 παρόντας
1229 2660 1516 2730 ἡσυχάζειν
1532 2660 1696 2721 ποιεῖ,

126 2760 214 2813 τὸν
228 2760 288 2812 δὲ
308 2758 345 2812 ἃ
363 2755 514 2827 παρὰ
531 2754 641 2808 τῶν
656 2754 923 2825 δαιμόνων
937 2752 1134 2823 ήκουσε
1148 2750 1430 2820 σημαίνειν
1443 2747 1604 2814 άειοῖ.
1626 2748 1700 2803 Τὸ

127 2851 183 2905 δὲ
212 2853 328 2913 τοῖς
350 2848 451 2902 ὠσὶ
474 2844 778 2917 παρατεθὲν
796 2844 1027 2915 δργανον
1047 2843 1163 2896 ἐστὶ
1188 2840 1415 2910 φυσικὸν
1445 2841 1696 2911 ὄργανον,

129 2942 235 2995 τῶν
273 2937 742 3011 μακροτραχήλων
769 2935 1015 3008 γεράνων
1040 2934 1073 3005 ἢ
1111 2932 1399 3003 πελαργῶν
1424 2932 1458 3003 ἢ
1488 2930 1701 2984 κύκνων

132 3030 410 3101 ἀρτηρία³
439 3021 515 3081 ὧν
554 3029 603 3081 εί
650 3026 943 3097 μηδέτερον
979 3026 1159 3096 παρῇ,
1194 3023 1374 3077 Em”
1413 3024 1509 3077 καὶ
1540 3022 1702 3095 ἔτερα

134 3128 328 3195 τέχνης
370 3122 597 3192 ὄργανα.
632 3118 927 3187 ιΛύλίσκοι
982 3117 1091 3187 γάρ
1140 3131 1285 3179 τινες
1335 3114 1555 3185 χάλκεοι
1611 3114 1702 3167 τὸν

134 3217 367 3287 ἀριθμὸν
387 3215 519 3267 δέκα
536 3214 614 3275 είς
641 3210 901 3280 ἀλλήλους
918 3208 1237 3281 χωροῦντες,
1261 3208 1341 3270 είς
1367 3206 1549 3260 στενὸν
1570 3207 1703 3259 ἀπο-

134 3309 387 3375 λήγοντες
410 3306 735 3375 εὐάρμοστοι
760 3302 1019 3371 γίνονται.
1043 3299 1108 3354 δι’
1134 3294 1209 3354 ὧν
1238 3298 1373 3370 πρὸς
1398 3297 1459 3351 τὸ
1481 3292 1575 3361 οῦς
1602 3296 1702 3350 ὅσα

136 3409 278 3462 θέλει
318 3407 633 3474 φθέγγεται.
667 3403 778 3457 Καὶ
817 3400 991 3455 ταῦτα
1022 3402 1050 3453 ὁ
1083 3400 1210 3463 παῖς
1237 3395 1560 3453 κατακούων
1602 3397 1705 3469 ὲμ-

138 3500 316 3567 φόϐως
356 3497 432 3559 ὼς
460 3494 565 3547 ὑπὸ
589 3492 859 3561 δαιμόνων
887 3490 1193 3559 λαλούμενα
1222 3489 1526 3555 κελευσθεὶς
1570 3491 1708 3544 ἀπο-

139 3587 453 3655 φῦἐγγεται.
487 3582 617 3652 Είςδὲ
638 3581 739 3634 καὶ
757 3580 950 3650 σκῦτος
975 3597 1058 3647 τις
1072 3583 1248 3655 ῥάϐδῳ
1277 3582 1516 3653 περιθεὶς
1543 3582 1706 3651 ὑγρὸν

140 3680 374 3750 ξηράνας
400 3678 496 3733 καὶ
526 3675 848 3745 συναγαγὼν
874 3675 1231 3745 προσαρμόσῃ
1259 3674 1354 3727 καὶ
1382 3674 1426 3705 ⁸⁸
1453 3672 1707 3726 ἀποσπάο

143 3797 238 3843 σας
258 3779 360 3849 τὴν
387 3775 584 3849 ῥάϐδον
609 3774 866 3829 αὐλίσκου
895 3773 1051 3843 δίκην
1082 3772 1142 3824 τὸ
1169 3772 1363 3834 σκύτος
1383 3771 1703 3842 ἐργάσηται,

140 3872 199 3925 τὸ
228 3872 411 3941 ὅμοιον
455 3870 618 3921 ποιεῖ.
656 3866 717 3919 Εἰ
751 3865 809 3919 δέ
854 3882 907 3918 τι
946 3863 1150 3916 τούτων
1202 3862 1278 3934 μὴ
1312 3864 1490 3933 παρῇ,
1528 3859 1707 3931 βίϐλον

142 3959 317 4013 λαϐὼν
343 3956 784 4027 ἐπισπασάμενος
816 3954 1024 4008 ἔνδοθεν
1051 3955 1175 4007 ὅσον
1196 3953 1382 4024 χρῄζει
1416 3953 1509 4004 ἐπὶ
1534 3950 1707 4022 μῆκος

142 4052 406 4114 ἐκτείνας,
432 4049 501 4103 τά
524 4049 686 4117 ὃμοια
706 4048 938 4117 ἐνεργεῖ.
965 4046 1025 4100 El
1049 4046 1107 4099 δὲ
1126 4046 1171 4077 ⁷⁹
1196 4043 1469 4113 προειδείη
1497 4044 1643 4105 ὅστις
1660 4042 1703 4073 ⁷⁸

145 4146 370 4215 πάρεστι
408 4140 770 4209 πευσόμενος,
804 4136 1144 4209 ἑτοιμότερος
1180 4135 1316 4205 πρὸς
1351 4134 1529 4188 πάντα
1563 4134 1709 4203 γίνε-

142 4253 255 4289 ται.
285 4236 347 4288 Εἰ
370 4235 425 4287 δὶ
455 4233 549 4286 καὶ
575 4233 676 4299 τὴν
703 4228 897 4284 πεῦσιν
920 4229 1205 4300 προμάθῃ.
1235 4227 1435 4298 γράφει
1464 4225 1542 4298 τῷ
1571 4242 1711 4297 φαρ-

1793 838 2132 893 daemonibus
2164 846 2347 906 petere
2371 834 2640 896 convenit,
2686 835 2827 903 quod
2853 849 2949 903 per
2992 849 3052 891 se
3090 836 3190 906 ipsi
3219 852 3355 906 prae-

1794 930 1925 984 bere
1975 938 2274 999 nequeunt,
2326 930 2524 997 quippe
2574 927 2664 995 qui
2716 926 2817 997 ipsi
2871 928 3169 997 phrenetici
3222 930 3353 985 sint.

1796 1018 2091 1073 lmmodica
2126 1027 2304 1073 autem
2338 1017 2651 1072 vociferatio
2679 1026 2733 1071 et
2762 1021 3017 1087 strepitus
3043 1018 3127 1085 iis,
3155 1033 3273 1087 quae
3302 1020 3353 1074 in

1790 1119 2004 1165 secreto
2049 1108 2163 1163 ﬁeri
2213 1123 2330 1163 mos
2361 1117 2464 1172 est,
2506 1117 2740 1162 mentem
2787 1108 3069 1162 advertere
3109 1108 3353 1178 impedit.

1795 1200 1927 1268 Qua:
1955 1200 2138 1271 qualia
2183 1200 2293 1254 sint
2321 1199 2431 1267 jam
2474 1209 2686 1267 tempus
2720 1206 2803 1252 est
2836 1199 3056 1253 uberius
3083 1200 3353 1269 persequi.

1792 1289 1983 1360 Magna
2013 1289 2229 1358 quidem
2269 1298 2356 1343 est
2394 1289 2718 1343 obscuritas.
2751 1286 2923 1359 Negat
2971 1289 3118 1344 enim
3161 1292 3357 1346 cadere

1793 1382 1849 1437 in
1881 1382 2176 1436 humanam
2208 1388 2455 1433 naturam
2486 1380 2665 1433 divina
2698 1380 3021 1448 perspicere,
3052 1382 3184 1435 satis
3208 1381 3353 1435 enim

1793 1486 1916 1528 esse
1946 1472 1997 1525 in
2025 1468 2413 1526 commercium
2443 1472 2665 1525 deorum
2702 1470 2905 1525 venire.
2942 1471 3222 1527 Recliuato
3254 1487 3355 1526 au-

1795 1574 1900 1618 tem
1929 1577 2095 1633 puero
2128 1562 2181 1615 in
2212 1576 2454 1630 praeceps
2476 1561 2794 1631 duabusque
2825 1562 3035 1617 tabellis
3064 1564 3205 1627 istis,
3238 1579 3359 1633 qua

1793 1665 1950 1711 erant
1996 1654 2277 1709 Hebraicis
2319 1654 2527 1709 scilicet
2571 1654 2765 1709 litteris
2798 1655 3092 1724 inscriptae,
3143 1659 3356 1726 utrique

1794 1746 1946 1801 lateri
1975 1745 2255 1815 appositis,
2274 1744 2480 1813 reliqua
2502 1745 2797 1800 dmmonem
2813 1744 2866 1799 in
2885 1746 3359 1800 attresinsusurra-

1796 1849 1975 1893 turum
2007 1838 2160 1895 dicit.
2194 1838 2289 1892 Est
2323 1849 2503 1893 autem
2533 1838 2634 1893 hoc
2655 1838 3044 1903 necessarium,
3079 1844 3135 1891 'ut
3157 1838 3358 1906 aliquid

1722 1909 1768 1966 Β
1796 1932 2143 1987 instrumenti
2181 1940 2418 1999 apponat
2450 1931 2518 1984 ad
2550 1945 2713 1985 aures
2745 1931 2920 2000 pueri,
2947 1946 3046 2000 per
3067 1934 3207 2001 quod
3236 1932 3362 1987 licet

1794 2022 1977 2077 omnia
2037 2019 2350 2091 significare
2400 2035 2521 2089 quae
2578 2021 2702 2089 quis
2740 2021 2904 2076 volet.
2959 2020 3128 2075 Sonat
3178 2030 3357 2077 autem

1798 2115 2051 2184 primum,
2098 2122 2156 2167 ut
2201 2114 2255 2166 in
2294 2122 2559 2168 terrorem
2607 2113 2929 2181 conjiciatur
2960 2127 3119 2182 puer,
3171 2113 3364 2170 deinde

1798 2206 2016 2276 insuper
2068 2216 2380 2276 tympanum
2434 2214 2634 2268 movet,
2690 2217 2965 2275 postremo
3020 2210 3236 2260 tertium
3282 2207 3364 2263 Io-

1797 2298 1982 2367 quitur
2006 2311 2103 2367 per
2131 2298 2573 2361 instrumentum,
2600 2296 2743 2365 quod
2765 2311 2988 2366 puerum
3021 2299 3134 2351 vult
3157 2300 3361 2364 dicere,

1797 2398 1853 2444 et
1878 2390 2081 2444 exitum
2106 2390 2183 2444 rei
2206 2398 2504 2458 exspectat,
2528 2389 2724 2443 deinde
2743 2404 2839 2444 eos
2860 2389 2950 2458 qui
2978 2388 3179 2444 adsunt
3203 2391 3365 2447 silere

1792 2482 1975 2552 jubet,
2026 2482 2171 2535 illum
2207 2481 2456 2552 92-93
2490 2493 2668 2536 autem
2703 2497 2822 2551 quae
2851 2497 2878 2534 a
2904 2482 3242 2538 daemonibus
3270 2499 3362 2539 ac-

1798 2577 2005 2646 ceperit
2043 2576 2304 2646 proliteri.
2354 2575 2508 2642 Quod
2557 2585 2736 2629 autem
2788 2576 3012 2629 auribus
3058 2577 3362 2645 appositum

1797 2679 1881 2723 est
1913 2669 2353 2732 instrumentum,
2382 2676 2468 2722 est
2501 2666 2748 2721 naturale
2769 2667 3208 2731 instrumentum,
3240 2682 3367 2736 pro-

1799 2776 1924 2816 cero
1962 2761 2101 2815 collo
2140 2761 2526 2815 instructarum
2565 2774 2755 2828 gruum
2790 2758 2871 2813 vel
2919 2758 3246 2816 ciconiarum
3278 2762 3363 2816 vel

1800 2868 2096 2924 cygnorum
2138 2851 2364 2917 arteria,
2415 2866 2643 2921 quormn
2700 2850 2743 2905 si
2803 2850 3006 2907 nullum
3051 2853 3118 2907 ad
3174 2867 3365 2908 manus

1800 2949 1932 3009 erit,
1990 2953 2046 3000 et
2107 2942 2210 2998 alia
2261 2956 2328 2996 ex
2378 2953 2495 2996 arte
2536 2943 2893 2999 instrumenta
2949 2951 3093 2998 sunt.
3141 2941 3367 2997 Tibiolae

1801 3040 1945 3093 enim
1982 3038 2227 3108 quaedam
2257 3052 2418 3096 aeruca:
2448 3054 2677 3094 numero
2715 3039 2900 3095 decem
2946 3038 3173 3093 invicem
3219 3038 3273 3092 in
3308 3051 3368 3093 se

1803 3139 2061 3183 coeuntes
2091 3129 2143 3185 in
2192 3141 2476 3200 angustum
2514 3128 2865 3183 terminautes
2897 3136 3036 3196 aptae
3081 3137 3228 3191 sunt,
3272 3141 3369 3196 per

1727 3246 1771 3304 ο
1804 3235 1943 3290 quas
1971 3219 2038 3275 ad
2083 3237 2241 3276 aures
2281 3234 2617 3289 quaecunque
2656 3219 2798 3274 volet
2844 3218 3112 3287 loquatur.
3145 3218 3209 3272 Et
3255 3219 3371 3273 hanc

1803 3326 1941 3383 puer
1968 3310 2280 3376 exaudiens,
2327 3317 2472 3363 metu
2514 3318 2802 3377 correptus
2844 3308 2996 3376 quasi
3050 3322 3081 3362 a
3112 3307 3373 3362 daamoni-

1805 3405 1907 3458 bus
1936 3402 2077 3457 dicta
2106 3417 2172 3455 ex
2201 3402 2354 3471 jussu
2392 3400 2757 3470 proloquitur.
2792 3398 2887 3455 Sin
2927 3402 3048 3470 quis
3075 3402 3238 3454 etiam
3281 3414 3369 3454 co—

1806 3494 1946 3548 rium
1990 3493 2407 3562 circumplicans
2461 3490 2691 3560 scipioni
2729 3490 3005 3545 humidum
3053 3492 3212 3561 idque
3245 3506 3370 3547 are-

1806 3585 2010 3641 factum
2060 3584 2395 3640 contrabens
2454 3591 2681 3638 consuet
2729 3592 2784 3636 et
2836 3586 3081 3637 detracto
3130 3585 3371 3654 scipione

1808 3682 2005 3736 tibiolze
2041 3681 2092 3735 in
2139 3681 2359 3735 modum
2388 3680 2596 3733 corium
2622 3677 2895 3744 conficiet,
2923 3679 3061 3732 idem
3093 3679 3242 3734 facit.
3275 3679 3370 3734 Sin

1806 3773 1936 3842 quid
1977 3774 2165 3827 borum
2210 3787 2316 3826 non
2356 3771 2551 3833 aderit,
2597 3769 2792 3823 librum
2824 3770 2989 3824 sumit
3019 3784 3251 3841 euntque
3278 3787 3370 3825 ex-

1806 3867 1970 3935 plicat
1992 3874 2046 3919 et
2076 3864 2127 3917 in
2160 3874 2419 3933 quantam
2459 3863 2605 3916 volet
2632 3876 2942 3916 mensuram
2965 3864 3230 3928 extendit,
3264 3878 3371 3932 quo

1808 3956 1952 4011 facto
1993 3956 2239 4010 eumdem
2285 3968 2440 4009 usum
2476 3962 2719 4022 praestat.
2764 3953 2859 4008 Sin
2905 3964 3085 4007 autem
3135 3955 3367 4018 noverit,

1806 4048 1930 4117 quis
1959 4047 2029 4101 sit
2057 4048 2101 4101 is
2128 4046 2219 4116 qui
2251 4045 2585 4101 sciscitatum
2613 4045 2790 4112 adsit,
2822 4045 3064 4115 paratior
3093 4046 3160 4100 ad
3187 4047 3369 4101 omnia

1810 4142 1891 4196 fit.
1932 4141 2027 4194 Sin
2071 4148 2249 4193 autem
2285 4136 2370 4192 vel
2408 4138 2884 4209 interrogationem
2922 4148 3081 4193 antea
3124 4154 3372 4208 comper-

1811 4240 1921 4286 tam
1972 4230 2212 4294 habebit,
2263 4228 2457 4284 scribit
2497 4231 2811 4300 pharmaco,
2856 4239 2912 4286 et
2956 4241 3015 4285 nt
3047 4241 3375 4301 praeparatus

147 4328 323 4395 μάχῳ,
352 4324 448 4378 καὶ
474 4323 551 4386 ὡς
581 4322 998 4393 ὲμπαράσκευος
1027 4318 1351 4390 ἱκανώτερος
1370 4318 1648 4387 νομίζεται
1664 4318 1698 4349 ⁷³

1811 4332 2070 4391 tanquam
2097 4322 2351 4395 solertior
2369 4321 2696 4386 celebratur,
2723 4332 2780 4375 ut
2805 4323 2893 4391 qui
2923 4321 3069 4377 clare
3092 4326 3373 4392 scripserit

147 4417 330 4487 σαφῶς
362 4415 578 4487 γράψας
600 4413 662 4466 τὸ
684 4410 1056 4484 ἐρωτώμενον.
1092 4411 1154 4463 Ei
1180 4410 1237 4463 δὲ
1272 4411 1488 4477 άγνοεί,
1519 4410 1698 4463 ύποτο·

1813 4412 1959 4482 quod
1992 4415 2273 4483 quaesitum
2313 4422 2417 4469 est.
2448 4411 2541 4468 Sin
2572 4427 2699 4468 vero
2730 4414 2969 4483 ignorat,
3009 4414 3373 4485 conjecturam

145 4508 371 4571 πάζειη
405 4507 498 4560 καὶ
528 4504 826 4576 ἀμφίϐολον
861 4504 955 4556 καὶ
988 4501 1237 4573 ποικίλην
1267 4501 1316 4533 ⁷⁸
1353 4502 1698 4571 ἀποφαίνεται

1816 4503 2149 4573 periclitatur
2186 4512 2240 4558 et
2289 4503 2496 4572 aliquid
2545 4504 2758 4571 prodit,
2798 4506 2939 4571 quod
2977 4506 3265 4573 ancipitem
3322 4515 3378 4560 et

143 4618 196 4654 τι
234 4600 508 4671 δεχόμενον
538 4599 582 4630 ⁷⁸
619 4598 978 4667 μετάφρασιν,
1013 4594 1101 4648 τνα
1126 4595 1224 4666 τὴν
1259 4594 1355 4664 μὲν
1376 4593 1549 4665 ἀρχὴν
1573 4593 1698 4662 ἄση-

1817 4594 2021 4647 variam
2052 4593 2275 4663 recipiat
2307 4595 2828 4663 interpretationem,
2861 4608 2969 4662 qum
3001 4594 3312 4648 vaticinium
3346 4612 3375 4647 ιι

149 4706 255 4760 μος
276 4686 402 4743 οῦσα
440 4690 475 4759 ή
509 4686 874 4759 χρησμοδοσία
913 4687 992 4747 είς
1029 4684 1201 4738 πολλὰ
1229 4685 1380 4739 ἔσται
1398 4727 1413 4750 ,
1442 4685 1533 4738 ἐπὶ
1560 4684 1617 4738 δὲ
1639 4687 1698 4755 τῇ

1814 4685 2079 4754 principio
2104 4687 2414 4754 ambiguum
2450 4685 2504 4739 in
2538 4686 2781 4739 diversas
2803 4684 2972 4751 possit
3000 4695 3182 4752 partes
3215 4684 3377 4750 trahi,

147 4780 363 4835 ἐκϐάσει
390 4779 501 4833 τῶν
526 4777 953 4849 συμϐησομένων
982 4776 1119 4847 πρὸς
1142 4777 1202 4829 τὸ
1237 4776 1446 4847 συμϐὰν
1472 4777 1698 4847 πρόρρηε

1814 4779 1867 4832 in
1909 4787 2103 4833 eventu
2157 4788 2336 4831 autem
2391 4778 2648 4846 quidquid
2698 4776 2960 4842 evenerit,
3016 4777 3083 4831 ad
3136 4777 3186 4830 id
3238 4783 3380 4847 quod

151 4889 241 4935 σις
280 4872 583 4941 νομίζηται.
630 4866 764 4922 Εἶτα
811 4868 1043 4939 λεκάνην
1087 4866 1380 4938 πληρώσας
1417 4868 1607 4932 ὓδατος
1638 4869 1698 4928 ὼς

1814 4871 2107 4939 contigerit
2137 4870 2413 4939 praedictio
2444 4869 2898 4922 accommodetur.
2950 4867 3151 4921 Deinde
3182 4870 3378 4938 peivim

148 4963 389 5030 ἄγραφον
414 4962 504 5014 τὸν
529 4960 737 5031 χάρτην
763 4959 810 4991 ⁷⁸
837 4958 1059 5029 καθίησι
1091 4958 1445 5028 συνεμϐαλὼν
1478 4960 1698 5029 χάλκαν,

1814 4963 1904 5015 ubi
1939 4961 2183 5030 implevit
2207 4975 2367 5028 aqua,
2404 4967 2658 5028 tanquam
2701 4958 2916 5011 inanem
2954 4959 3254 5012 chartulam
3290 4961 3385 5013 de-

150 5053 266 5105 θον.
298 5051 479 5115 Οῦτως
509 5052 618 5120 γὰρ
659 5048 936 5103 ἀνατέλλει
970 5049 1037 5111 ’⁷,
1072 5049 1170 5119 τὴν
1203 5049 1494 5119 ἀπόκρισιν
1534 5050 1698 5121 φέρωι

1817 5052 1985 5106 mittit
2032 5066 2137 5104 una
2189 5051 2435 5105 immisso
2482 5049 2824 5104 chalcautbo.
2875 5047 2950 5101 Ita
2978 5052 3121 5103 enim
3153 5053 3385 5122 emergit

150 5146 181 5198 ό
208 5146 431 5216 γραφεὶς
460 5144 688 5214 χάρτης.
717 5140 809 5210 Τῷ
839 5140 937 5211 μὲν
966 5140 1030 5212 δὴ
1066 5140 1260 5211 παιδίῳ
1294 5140 1388 5196 καὶ
1426 5140 1698 5210 φαντασία

1818 5157 2139 5212 responsum
2178 5126 2359 5197 ferens
2404 5142 2603 5209 scripta
2661 5144 2873 5195 charta.
2920 5139 3092 5195 Puero
3123 5142 3286 5213 igitur
3332 5158 3380 5198 et

1407 5276 1642 5331 VARIIE
1681 5277 1974 5334 LECTION
1984 5278 2085 5334 ES.

228 5396 272 5428 “
294 5394 771 5467 ὲπικαλοῦντεςίϐ.
812 5465 820 5467 Α
864 5395 910 5428 ⁸⁸
926 5396 1222 5467 ἐπικαλεῖν.
1251 5396 1505 5467 ὲπιγελᾷν
1534 5396 1595 5467 C.
1620 5395 1687 5448 Μ.
1793 5396 1839 5428 ⁸⁸
1868 5396 2010 5464 ἀξιοῖ
2027 5396 2096 5451 Μ.
2162 5399 2208 5430 ⁸⁷
2237 5396 2415 5451 αὐτῶν
2436 5395 2499 5453 C.
2603 5398 2649 5429 ⁸⁸
2680 5395 3057 5460 άπωλὲσαντες
3082 5394 3140 5450 C.
3249 5395 3385 5467 "in

157 5467 473 5538 ἀπορρήτως
510 5468 571 5538 β.
663 5466 708 5498 ⁶⁶
739 5465 953 5536 ἐνόμιζε
984 5467 1046 5523 C.
1080 5466 1150 5522 Μ.
1225 5467 1265 5498 ⁸⁸
1295 5464 1508 5538 ἐκώλυε
1529 5466 1588 5526 C,
1626 5467 1696 5524 Μ.
1789 5468 1833 5498 ⁸³
1864 5467 2289 5538 ὲγκεγραμμένα
2328 5468 2405 5538 C.
2485 5467 2530 5500 ⁸³
2562 5467 2801 5538 ἑκάτερα
2845 5466 2950 5538 (3.;
2985 5467 3271 5538 ⁸’σημᾶναι
3304 5464 3383 5536 [5t]

155 5536 277 5589 sive
309 5539 424 5607 5034
453 5536 596 5589 θέλει
620 5553 635 5567 ·
671 5539 899 5606 κατηχεί
940 5553 999 5590 τε
1038 5537 1252 5605 πρῶτον
1295 5539 1435 5590 coni.
1469 5536 1536 5607 MA.
1644 5539 1688 5568 ⁸⁵
1727 5538 1849 5606 ἠχεῖ
1879 5538 1934 5589 δὲ
1980 5536 2059 5591 τό.
2106 5536 2341 5606 ἠχοῦντα
2378 5537 2440 5593 C.
2527 5538 2571 5568 “
2608 5540 2661 5590 τὶ
2704 5536 2877 5607 βομϐᾔ
2913 5536 2975 5590 C.
3051 5537 3093 5567 "
3120 5536 3193 5599 ὡς
3220 5536 3381 5607 δοκεῖ.

152 5607 361 5677 δοκεύει
381 5605 448 5659 Μ.
527 5608 571 5638 ⁸⁸
606 5609 773 5677 παρῇ.
806 5605 945 5677 ἐστι.
973 5608 1200 5677 πάρεστι
1228 5607 1288 5677 C.
1370 5608 1413 5637 ⁶⁹
1444 5605 1691 5677 uulgante
1732 5610 1936 5677 ἀποσπ.
1983 5609 2104 5660 add.
2132 5605 2213 5661 Μ.
2290 5610 2334 5640 ⁷ο
2360 5609 2422 5661 El
2448 5607 2523 5661 δέ.
2567 5605 2781 5661 οὐδὲϐξ
2853 5608 2893 5638 ’⁸
2936 5608 3081 5668 ὅστις
3104 5608 3186 5659 ὅτι
3218 5611 3275 5660 (ἐ.
3314 5605 3382 5657 Μ.

154 5678 202 5747 ’_’
232 5676 516 5745 νομίζεται.
553 5674 895 5747 ὀνομάζεται
912 5676 971 5747 β,
1003 5674 1078 5747 ὢν
1103 5675 1380 5747 δοξάζεται
1418 5674 1624 5747 γράψαι
1646 5692 1789 5747 susp.
1821 5676 1887 5729 Μ.
1966 5677 2009 5708 ⁷³
2031 5678 2363 5747 ὑποτοπάζει
2391 5678 2506 5731 καί.
2531 5676 2900 5742 ὑποπτάζεται
2931 5678 2991 5732 G.
3060 5676 3108 5707 "
3139 5677 3385 5742 ποικίλην

158 5744 461 5819 iioeperus,
510 5746 752 5819 ποικίλον
794 5746 858 5810 C,
1022 5746 1172 5819 -τξτι
1204 5744 1510 5819 δεχόμενον.
1544 5744 1937 5817 ὶπιδεχόμενον
1969 5746 2032 5802 C.
2068 5746 2139 5801 Μ.
2224 5749 2270 5779 ⁷⁵
2309 5748 2384 5812 ὡς
2411 5779 2481 5790 —-
2512 5747 2738 5819 χάρτην.
2796 5749 3044 5819 ἀγράφου
3093 5748 3294 5817 χάρτου
3320 5747 3383 5799 (ἶ.

156 5814 203 5845 ⁷⁷
243 5815 508 5868 ἀνατέλλει
541 5814 840 5882 lino-peras,
872 5814 1103 5869 ἀναπλεῖ
1131 5816 1192 5879 C,
1227 5814 1296 5870 Μ.

469 5907 736 5966 ΡΑτῐιοῐ..
782 5909 895 5967 Gn.
943 5907 1107 5967 XVI.
2997 5910 3068 5970 98
