4002 6536
668 437 808 513 3093

2110 437 2488 500 'ORIGENIS

3739 443 3850 508 3091

671 565 1104 620 terriculamenta
1139 561 1408 615 exsistunt
1449 573 1846 627 swpmumero.
1896 557 2106 612 Etenim
2143 558 2215 610 vel

2337 554 2818 628 φοϐεραὶγινονται
2839 552 3102 614 ’πολλάκις
3127 569 3141 584 ·
3165 553 3260 606 καὶ
3285 553 3394 624 γὰρ
3419 553 3616 624 πληγὰς
3637 558 3850 625 ἑμῦἀλλει

656 658 892 717 verbera
943 653 1132 707 incutit
1173 651 1446 704 interdum
1485 649 1681 719 quibus
1729 655 2024 703 exterreat.
2078 647 2227 701 Thus

665 748 806 800 enim
855 745 1099 813 injiciens
1152 742 1205 796 in
1249 744 1421 810 ignem
1469 757 1655 795 rursus
1697 751 1952 810 operatur
1983 740 2036 793 in
2086 740 2230 792 hunc

667 837 879 890 modum
924 853 937 887 :
986 833 1236 888 Frustum
1292 834 1422 887 salis
1474 834 1563 901 qui
1603 833 1799 885 dicitur
1847 830 2046 884 fossilis
2103 843 2226 882 cera

665 925 836 980 Tusca
867 923 1293 978 circumvolvens
1322 921 1591 989 simulque
1629 921 1804 989 ipsum
1837 918 2070 972 frustum
2106 917 2227 968 thu-

663 1017 735 1070 ris
765 1017 1040 1068 dissecans
1071 1012 1244 1081 injicit
1282 1012 1407 1064 salis
1439 1025 1698 1078 granum,
1751 1017 1806 1061 et
1850 1023 2044 1061 rursus
2075 1006 2227 1059 colli-

663 1122 792 1174 gans
821 1113 875 1160 et
908 1119 1174 1172 reponens
1219 1103 1272 1156 in
1323 1101 1635 1155 ardentibus
1682 1100 1868 1168 prunis
1918 1099 2067 1152 sinit.
2112 1098 2226 1162 Quo

661 1205 1027 1258 concremato,
1063 1194 1201 1247 sales
1256 1191 1568 1247 exsilientcs
1617 1189 1905 1258 imaginem
1955 1188 2222 1252 reddunt,

661 1289 813 1356 quasi
863 1299 1056 1338 novum
1110 1281 1472 1350 spectaculum
1516 1287 1570 1332 ct
1621 1279 1814 1331 mirum
1851 1279 1960 1331 fiat.
1997 1278 2225 1346 Sangui-

663 1393 814 1432 neam
851 1386 1025 1431 autem
1058 1375 1232 1429 reddit
1260 1372 1529 1426 ﬂammam
1563 1371 1807 1424 Indicum
1839 1380 2015 1424 atrum
2043 1379 2224 1438 utpote

662 1469 922 1523 inclusum
961 1469 1012 1519 in
1063 1466 1240 1528 thure,
1289 1463 1446 1518 sicuti
1488 1477 1646 1529 supra
1689 1461 1943 1515 diximus.
1989 1461 2222 1528 Sangui-

660 1578 818 1618 neum
844 1569 1023 1616 autem
1049 1559 1313 1628 liquorem
1345 1556 1474 1610 facit
1505 1571 1626 1609 cera
1659 1555 1910 1608 anchusa:
1939 1554 2218 1606 commista

658 1669 868 1721 eaque,
919 1663 976 1707 ut
1029 1653 1178 1714 dixi,
1221 1664 1341 1703 cera
1395 1648 1628 1701 inunista
1681 1648 1731 1699 in
1777 1645 2026 1716 94-95
2076 1651 2216 1698 thus.

657 1747 866 1800 Prunas
889 1753 1066 1797 autem
1090 1741 1294 1794 moveri
1325 1740 1454 1793 facit
1485 1737 1761 1808 supposito
1784 1748 1934 1791 secto
1961 1738 2216 1802 alumine,

656 1853 763 1906 quo
795 1837 968 1892 soluto
1000 1843 1054 1889 et
1103 1833 1275 1886 instar
1309 1831 1573 1886 bullarum
1611 1830 1901 1884 cbulliente
1937 1838 2220 1884 moventur

657 1941 861 1996 primae.

725 2017 811 2070 29.
841 2015 954 2070 Ova
986 2025 1163 2068 autem
1190 2013 1398 2068 diversa
1419 2018 1690 2066 ostentant
1714 2012 1765 2065 in
1796 2011 1938 2066 hunc
1965 2011 2217 2066 modum:

656 2107 925 2163 Cacumen
957 2103 1240 2174 perforatis
1271 2105 1337 2157 ab
1364 2113 1591 2171 utraque
1620 2113 1772 2172 parte
1805 2111 1859 2155 et
1884 2101 2064 2154 album
2096 2103 2222 2156 sub-

657 2202 880 2262 ducens,
913 2210 1098 2250 rursus
1133 2195 1454 2262 immergens
1490 2194 1696 2262 iujicito
1729 2191 1882 2245 alteri
1923 2192 2096 2256 minii,
2129 2191 2222 2244 al-

658 2287 756 2340 teri
807 2293 982 2339 autem
1036 2283 1308 2352 scriptorii
1361 2282 1677 2336 atramenti.
1730 2282 1993 2335 Obserato
2039 2292 2217 2334 autem

655 2375 918 2429 foramina
956 2381 1200 2428 ramento
1247 2385 1482 2427 'vorum
1515 2371 1743 2436 minuto,
1780 2383 1880 2438 ope
1913 2369 2058 2424 succi
2086 2369 2219 2424 licus

654 2467 917 2520 adlinens.

721 2555 811 2611 30.
837 2554 877 2608 li
901 2562 1080 2608 autem
1106 2553 1198 2621 qui
1218 2566 1346 2608 oves
1375 2550 1475 2606 sibi
1499 2561 1781 2621 amputare
1805 2552 1981 2620 capita
2010 2551 2218 2608 faciunt

655 2649 792 2718 ipsa,
821 2648 925 2702 hac
945 2647 1157 2700 ratione
1185 2654 1409 2700 utuntur
1435 2661 1448 2698 :
1486 2644 1800 2698 Clanculum
1832 2644 2072 2698 caustico
2101 2659 2215 2698 me-

651 2741 958 2794 dicamento
1006 2737 1222 2791 illinens
1258 2745 1444 2804 guttur
1483 2735 1743 2804 relinquit
1774 2735 2076 2804 appositum
2107 2735 2217 2804 gla-

652 2829 828 2892 dium;
865 2826 954 2880 illa
988 2836 1166 2880 autem
1199 2825 1385 2880 fricari
1415 2826 1636 2894 cupiens
1662 2825 1875 2878 irruens
1901 2823 1954 2876 in
1981 2823 2213 2892 gladium

653 2921 871 2973 terendo
903 2917 1181 2984 iugulatur
1221 2925 1281 2971 et-
1324 2931 1510 2984 parum
1562 2916 1712 2969 abest
1759 2914 1886 2982 quin
1936 2923 2095 2982 caput
2125 2913 2216 2967 ab-

650 3011 881 3064 scindat.
906 3008 998 3062 Est
1024 3017 1201 3062 autem
1225 3007 1673 3060 medicamentum
1702 3005 1922 3074 bryonia
1943 3014 1997 3058 et
2015 3003 2212 3057 adarca

649 3111 706 3156 et
736 3102 884 3155 scilla
912 3100 1080 3168 aquis
1112 3100 1350 3168 partibus
1373 3098 1562 3152 mistae.
1588 3096 1658 3151 Ut
1685 3107 1862 3150 autem
1893 3097 2058 3151 lateat
2093 3112 2212 3151 cum

652 3191 758 3244 fert
811 3192 1280 3254 medicamentum,
1332 3188 1433 3242 fert
1479 3187 1728 3256 pyxidem
1784 3188 2045 3255 duplicem
2094 3201 2212 3241 cor-

652 3297 845 3344 ueam,
895 3279 1050 3348 cujus
1093 3280 1383 3347 cOnSpicua
1423 3293 1550 3346 pars
1599 3280 1759 3331 habet
1805 3278 1951 3340 thus,
1983 3280 2211 3332 obscura

650 3381 828 3423 autem
858 3371 1330 3422 medicamentum.
1365 3367 1470 3420 Sed
1497 3368 1658 3421 etiam
1684 3368 1905 3422 auribus
1936 3369 2214 3422 moritura:

649 3463 819 3532 injicit
857 3462 1281 3532 hydrargyrum;
1334 3469 1418 3516 est
1464 3468 1641 3514 autem
1673 3459 2008 3514 mortiferum
2048 3461 2214 3515 medi-

650 3565 976 3609 carpentum.

719 3649 809 3702 51.
843 3649 1140 3717 Caprarum
1182 3654 1365 3701 autem
1417 3645 1507 3700 ubi
1550 3644 1670 3714 quis
1715 3643 1987 3698 obturavit
2033 3654 2215 3699 cerato

650 3755 828 3801 aures,
862 3740 1047 3794 dicunt
1087 3739 1266 3808 paullo
1311 3746 1432 3807 post
1475 3737 1632 3801 mori,
1681 3736 1933 3805 quoniam
1967 3736 2211 3805 spiritum

648 3839 845 3887 ducere
892 3830 1301 3900 prohibeantur.
1341 3827 1489 3881 Viam
1526 3824 1668 3880 enim
1703 3829 1840 3880 hanc
1870 3826 1936 3881 iis
1964 3842 2088 3880 esse
2129 3827 2212 3879 di-

647 3933 778 3978 cunt
829 3921 1062 3976 ducendi
1101 3936 1196 3988 per
1233 3919 1643 3988 respirationem
1688 3916 1928 3984 spiritus.
1975 3917 2210 3968 Arietem

646 4024 824 4067 autem
874 4013 1009 4066 mori
1057 4011 1276 4074 dicunt,
1318 4010 1364 4062 si
1414 4009 1535 4077 quis
1568 4008 1898 4062 exadversus
1939 4004 2213 4060 reﬂexerit

646 4106 833 4158 solem.
865 4103 1090 4157 Domum
1119 4113 1298 4156 autem
1327 4101 1531 4156 faciunt
1563 4101 1898 4168 conflagrare
1926 4097 2207 4168 cujusdam

645 4213 706 4249 cx
735 4196 954 4248 marinis
970 4207 1132 4247 succo
1157 4194 1365 4257 illitam,
1390 4194 1478 4261 qui
1511 4191 1674 4262 piscis
1697 4202 1919 4246 vocatur
1942 4191 2207 4259 dactylus.

645 4287 912 4342 Praeterea
963 4295 1017 4339 et
1060 4286 1108 4338 id
1155 4287 1296 4353 quod
1338 4288 1396 4338 fit
1440 4300 1533 4354 per
1581 4299 1775 4354 aquam
1824 4285 2088 4338 marinam
2128 4293 2212 4338 est

651 4379 799 4434 valde
824 4377 974 4431 utile.
1004 4376 1097 4430 Est
1127 4387 1304 4430 autem
1337 4393 1523 4445 spuma
1555 4379 1721 4430 maris
1753 4378 1803 4431 in
1835 4385 2073 4432 testacea
2103 4377 2208 4430 olla

644 4487 766 4526 cum
790 4469 1038 4523 dulcibus
1069 4479 1243 4530 cocta,
1284 4469 1367 4522 cui
1400 4467 1626 4522 ferventi
1661 4469 1747 4521 ubi
1789 4467 1969 4523 lumen
2019 4469 2207 4522 admo-

2331 645 2580 714 εὐπόρως
2628 644 2895 712 ἐκφοϐῶν.
2946 644 3176 696 Λίϐανον
3224 645 3331 713 γὰρ
3377 646 3454 706 εἰς
3502 645 3604 716 πῦρ
3645 650 3849 716 ἐμϐαλὼν

2331 734 2492 787 πάλιν
2529 736 2674 786 ποιεῖ
2719 732 2905 786 τοῦτον
2944 733 3036 786 τὸν
3067 735 3286 805 τρόπον.
3314 735 3490 787 Βῶλον
3513 736 3556 766 ⁷⁸
3595 737 3693 788 τῶν
3731 739 3850 808 λεγο-

2333 830 2507 900 μένων
2530 829 2776 899 ὀρυκτῶν
2803 829 2942 882 ἁλῶν
2968 829 3122 899 κηρῷ
3145 827 3467 898 Τυρρηνικῷ
3495 834 3849 898 περιπεπάσας

2329 923 2422 975 καὶ
2453 922 2614 974 αὑτὸν
2647 921 2705 974 δὲ
2734 920 2953 975 λιϐάνου
2988 920 3156 990 βῶλον
3188 922 3234 952 ⁷³
3269 921 3628 990 διχοτομήσας
3654 923 3848 993 ἐντίθησι

2327 1014 2420 1067 τοῦ
2464 1014 2659 1078 eam;
2710 1013 2964 1084 χόνδρον,
3010 1013 3103 1066 καὶ
3154 1013 3316 1066 πάλιν
3364 1013 3848 1085 συγκολλήσαςιὲπὶ

2327 1101 2612 1169 ἀνθράκων
2642 1101 2945 1171 καιομένων
2965 1099 3131 1162 τιθεὶς
3149 1101 3234 1170 ὲᾷ.
3264 1100 3368 1152 Τοῦ
3393 1101 3451 1153 δὲ
3477 1102 3790 1167 συγκαέντος,
3812 1107 3845 1156 oi

2328 1189 2452 1251 ἅλες
2492 1190 2875 1259 ἀνα-πηδῶντες
2922 1191 3224 1259 φαντασίαν
3268 1190 3669 1260 ἀπεργάζονται
3706 1191 3846 1264 ὥσπερ

2327 1279 2476 1344 ξένου
2502 1281 2772 1350 θεάματος
2800 1282 3082 1352 γινομένου
3103 1297 3118 1312 ⁸
3160 1281 3445 1352 αἱματώδη
3476 1282 3533 1334 δὲ
3562 1283 3722 1350 φλόγα
3743 1286 3848 1336 ποιεί

2324 1371 2384 1423 τὸ
2427 1372 2645 1424 Ἰνδικὸν
2707 1373 2872 1443 μέλαν
2924 1373 3136 1426 ἐντεθὲν
3186 1372 3265 1442 τῷ
3315 1373 3665 1441 λισανωτῷεο
3711 1373 3847 1436 καθὼς

2325 1462 2682 1533 προείπαμεν.
2744 1463 3034 1534 Αίματὼδη
3092 1463 3148 1516 δὲ
3205 1463 3474 1534 ὑγρασίαν
3533 1466 3675 1516 ποιεῖ
3723 1465 3847 1534 κηρὸν

2323 1551 2565 1624 ἀγχούσῃ
2595 1555 2861 1624 ἀναμίξας
2906 1556 3018 1618 καὶ,
3048 1555 3122 1618 ὡς
3148 1554 3306 1624 ἔφην,
3356 1555 3434 1625 τῷ
3487 1554 3751 1625 λιϐανωτῷ
3784 1557 3848 1607 τὸν

2322 1644 2488 1714 κηρὸν
2513 1644 2878 1716 διιενθέμενος·
2905 1646 3177 1718 ἄνθρακας
3201 1648 3257 1699 δὲ
3283 1646 3547 1700 κινεῖσθαι
3579 1645 3844 1717 [p.66—67j

2321 1741 2469 1790 ποιεῖ
2500 1737 2723 1808 σχιστὴν
2764 1738 2984 1802 ὑποθεὶς
3014 1757 3106 1791 στυ
3118 1740 3350 1810 πτηρίαν
3371 1779 3384 1798 ,
3412 1733 3482 1810 ἦς
3511 1736 3758 1807 λυομένης
3782 1738 3849 1788 καὶ

2319 1827 2471 1899 δίκην
2503 1829 2864 1900 πομφολύγων
2889 1830 3188 1896 διοιδούσης
3217 1831 3491 1884 κινοῦνται
3517 1833 3566 1884 oi
3600 1829 3842 1902 ἄνθρακες.

2392 2009 2497 2064 κθ’.
2552 2012 2645 2065 Ὢᾶ
2682 2012 2737 2066 δὲ
2766 2012 2995 2083 διάφορα
3046 2013 3443 2067 ἐπιδείκνυνται
3467 2015 3513 2047 ⁸⁸
3569 2013 3662 2066 τὸν
3694 2013 3849 2082 τρόπον

2321 2099 2471 2152 τόνδε
2492 2117 2504 2131 ·
2533 2103 2775 2174 κορυφὴν
2805 2105 3087 2174 τρυπήσας
3113 2103 3172 2167 ὲξ
3199 2105 3474 2176 ἑκατέρων
3490 2106 3537 2137 ⁸³
3567 2107 3664 2159 κα)⁵
3683 2105 3734 2157 τὸ
3755 2105 3848 2156 leu-

2322 2189 2416 2243 κόν
2450 2191 2810 2260 ὑπεξαγαγὼν
2845 2192 2998 2256 αὖθις
3046 2195 3222 2264 βάψας
3267 2195 3470 2263 ἒμόαλε
3507 2197 3570 2248 τὸ
3610 2199 3701 2265 μὲν
3728 2195 3851 2262 sic"

2321 2283 2642 2351 σινώπιδος,
2686 2288 2748 2339 τὸ
2787 2287 2844 2339 δὲ
2889 2287 2984 2340 τοῦ
3030 2287 3298 2358 γραφικοῦ
3317 2289 3363 2321 ⁸³
3414 2289 3670 2358 μέλανος.
3725 2287 3848 2339 Ἀτό-

2320 2389 2530 2443 φρασσε
2577 2375 2632 2428 δὲ
2663 2375 2762 2438 τὰς
2789 2377 3091 2446 τρυμαλιὶις
3123 2377 3348 2448 ξέσματι
3390 2379 3496 2430 τῶν
3535 2378 3660 2430 ὠῶν
3700 2375 3849 2444 kin“

2322 2467 2437 2536 μετ’
2463 2466 2596 2519 ὀποῦ
2626 2471 2794 2538 συκῆς
2825 2469 3129 2538 ὲμπλάσας.

2401 2555 2464 2610 λ’.
2508 2559 2631 2620 Τοῖς
2669 2560 2724 2612 δὲ
2753 2561 2954 2628 ἀμνοὺς
2981 2561 3028 2591 ⁸⁷
3079 2561 3480 2632 ἀποτέμνεσθαι
3512 2562 3613 2624 τὰς
3659 2561 3851 2630 κεφαλὰς

2321 2650 2529 2702 ἑαυτῶν
2559 2650 2802 2704 ποιοῦσιν
2830 2646 2982 2715 οὗτος
3012 2655 3039 2705 ό
3062 2655 3280 2724 τρόπος.
3322 2653 3583 2725 Κρὺϐδην
3617 2653 3849 2723 καυστικῷ

2319 2743 2594 2814 φαρμάκῳ
2623 2745 2818 2814 χρίσας
2850 2745 2940 2796 τὸν
2969 2746 3226 2814 φάρυγγα
3262 2747 3324 2816 se
3357 2745 3627 2816 παραθεὶς
3646 2747 3690 2778 ⁸³
3721 2745 3773 2798 τὸ
3792 2742 3848 2809 ξί-

2318 2850 2415 2901 φος
2437 2851 2450 2863 ·
2482 2836 2509 2886 ὁ
2537 2835 2592 2887 δὲ
2619 2834 2663 2867 ⁸9
2701 2837 2995 2906 κνήθεσθαι
3019 2839 3064 2869 ⁸ο
3115 2838 3283 2891 θέλων
3329 2838 3662 2908 προσπεσὼν
3686 2841 3744 2908 τῇ
3776 2855 3850 2906 μει-

2317 2927 2485 2998 χαίρᾳ
2518 2927 2715 2981 θλίϐων
2747 2929 3013 2996 σφάζεται
3038 2931 3132 2983 καὶ
3160 2929 3357 3000 μικροῦ
3387 2930 3498 2984 δεῖν
3524 2932 3800 3000 ἀποτέμνει
3817 2929 3847 2960 ³³

2315 3017 2410 3088 τὴν
2447 3019 2708 3090 κεφαλήν.
2753 3020 2908 3072 Ἔστι
2959 3021 3014 3072 δὲ
3057 3021 3117 3072 τὸ
3165 3022 3453 3090 φάρμακον
3508 3019 3738 3090 βρυωνία
3779 3021 3850 3071 καὶ

2316 3108 2526 3178 ἀδάρκη
2550 3110 2640 3161 καὶ
2666 3109 2855 3163 σκίλλα
2881 3111 3002 3163 κατ’
3031 3111 3144 3164 ἴσον
3174 3113 3508 3182 μεμιγμένα.
3536 3114 3651 3164 Ἵνα
3674 3109 3851 3180 δὲλάθῃ

2271 3252 2282 3269 .
2317 3203 2496 3271 φέρων
2545 3201 2603 3254 τδ
2637 3202 2959 3271 φάρμακον,
2996 3203 3147 3272 φέρει
3192 3201 3384 3266 πυξίδα
3427 3202 3626 3271 διπλῆν
3669 3202 3851 3272 κερατί-

2319 3309 2433 3361 νην,
2465 3287 2526 3361 ἧς
2557 3291 2615 3344 τὸ
2638 3293 2683 3324 ³³
2721 3294 2951 3364 φανερὸν
2981 3295 3141 3363 μέρος
3177 3293 3289 3364 ἔχει
3322 3293 3620 3346 λιϐανωτὸν
3647 3294 3711 3358 ⁸³,
3738 3293 3788 3345 τὸ
3808 3293 3850 3344 δὲ

2315 3382 2518 3450 ἀφανὲς
2559 3383 2849 3452 φάρμακον
2874 3401 2886 3414 ο
2932 3385 3066 3439 ἀλλὰ
3105 3387 3196 3438 καὶ
3237 3387 3348 3448 τοῖς
3378 3386 3388 3454 ι
3418 3385 3524 3439 ὠσὶ
3561 3385 3656 3438 τοῦ
3692 3385 3851 3450 τεθνηο

2313 3472 2543 3542 ξομένου
2586 3474 2842 3542 ἐμϐάλλει
2873 3475 3209 3547 ὑδράργυρον
3235 3476 3312 3508 ’δ’
3345 3475 3463 3528 ἐστι
3492 3473 3549 3528 δὲ
3587 3474 3850 3544 θανατηφὸ·

2323 3582 2412 3632 ρον
2449 3567 2735 3634 φάρμακον

2385 3655 2485 3709 λα’.
2528 3657 2708 3722 Αἰγῶν
2746 3656 2804 3709 δὲ
2850 3655 2950 3710 κᾶν
2999 3657 3272 3729 ὲπιπλάσῃ
3293 3659 3338 3690 θ’
3383 3675 3468 3720 τις
3517 3661 3730 3729 κηρωτῇ
3775 3655 3848 3717 τὰς

2314 3747 2510 3809 ἀκοὰς,
2549 3749 2681 3816 φασὶ
2719 3749 2970 3820 θνήσκειν
3015 3752 3132 3820 μετ’
3165 3749 3339 3818 ὀλίγον
3379 3751 3637 3803 ἀναπνεῖν
3683 3749 3851 3802 κωλυο-

2317 3837 2484 3905 μένας
2502 3855 2516 3868 ο
2555 3839 2672 3891 ὁδὸν
2700 3839 2807 3910 γὰρ
2833 3840 3020 3904 αὑταῖς
3047 3841 3249 3910 ταύτην
3279 3837 3417 3893 εἶναι
3447 3841 3662 3910 λέγουσι
3691 3841 3773 3893 τοῦ
3799 3841 3848 3890 δι’

2317 3930 2593 3998 ἀναπνοῆς
2629 3930 2918 4000 ἑλκομένου
2959 3931 3285 4000 πνεύματος.
3331 3933 3502 4002 Κριὸν
3538 3934 3593 3986 δὲ
3634 3933 3849 4000 θνήσκειν

2314 4017 2508 4081 φασὶν,
2559 4018 2606 4068 εί
2651 4020 2771 4071 κατ’
2815 4018 3072 4088 ἄντικρύς
3103 4037 3205 4083 ,τις
3250 4021 3606 4073 ὰνακλάσειεν
3645 4019 3846 4091 ﬁliae".

2313 4103 2472 4160 Οἷκον
2495 4108 2549 4160 δὲ
2578 4108 2787 4162 ποιοῦσι
2817 4109 3063 4162 καίεσθαι
3088 4111 3194 4164 τῶν
3223 4110 3524 4166 θαλαττίων
3549 4113 3686 4175 τινὸς
3715 4110 3848 4180 ἰχῶρι

2310 4199 2598 4269 χριόμενον
2615 4201 2658 4231 ⁸⁷
2704 4199 2796 4252 τοῦ
2836 4201 3170 4271 καλουμένου
3204 4203 3490 4257 δακτύλου.
3541 4205 3650 4258 Καὶ
3691 4204 3746 4256 τὸ
3779 4202 3846 4253 διὰ

2309 4295 2407 4362 τῆς
2437 4290 2614 4362 ἅλμης
2650 4291 2706 4343 δὲ
2752 4293 2886 4345 πάνυ
2914 4295 3203 4363 χρήσιμον.
3235 4294 3391 4346 Ἔστι
3410 4295 3467 4347 δὲ
3492 4296 3658 4366 ἀφρὸς
3679 4293 3844 4347 θαλάσ-

2313 4399 2411 4453 σης
2441 4384 2497 4435 ὲν
2531 4383 2620 4434 όστ
2631 4382 2831 4452 ρακίνῳ
2850 4384 3068 4454 στάμνῳ
3089 4385 3223 4455 μετὰ
3238 4385 3482 4453 γλυκέων
3516 4385 3773 4455 ὴῂμένος
3789 4384 3842 4444 ’⁸.

2309 4469 2351 4541 ᾧ
2381 4475 2598 4538 ζέσαντι
2631 4472 2821 4544 λύχνον
2853 4474 2948 4527 ἐὰν
2976 4477 3257 4547 προσάγῃς
3285 4477 3594 4545 καιόμενον,
3629 4476 3839 4547 ἁρπάσαι·

643 4563 791 4615 vobis
816 4561 1117 4626 incensum,
1149 4570 1365 4628 arrepto
1402 4560 1509 4630 igni
1547 4559 1855 4613 incenditur
1879 4570 1934 4613 et
1966 4559 2200 4613 infusum

2317 4567 2368 4618 τὸ
2416 4565 2527 4637 πῦρ
2559 4565 2885 4630 ἐξάπτεται,
2921 4566 3014 4618 καὶ
3059 4568 3356 4637 καταχυθὲν
3393 4567 3491 4636 τῆς
3535 4567 3753 4636 κεφαλῆς
3791 4565 3840 4616 οό

641 4653 802 4722 capiti
832 4666 1053 4721 prorsus
1081 4666 1185 4706 non
1214 4652 1500 4705 comburit.
1532 4649 1624 4705 Sin
1657 4666 1785 4705 vero
1813 4651 1976 4704 etiam
2005 4693 2018 4707 .
2051 4691 2065 4705 .
2100 4690 2114 4704 .
2149 4690 2162 4704 .
2187 4689 2200 4703 .

639 4747 922 4814 insperges
946 4743 1206 4809 ferventi,
1229 4744 1398 4798 multo
1424 4746 1594 4811 magis
1626 4745 1952 4798 incenditur.
1985 4745 2206 4799 Rectius

637 4848 814 4891 autem
851 4837 954 4890 erit
975 4875 989 4900 ,
1033 4836 1079 4893 si
1109 4837 1228 4904 quis
1258 4835 1421 4889 etiam
1453 4836 1674 4889 sulfuris
1701 4835 1903 4902 aliquid
1940 4844 2200 4890 aestimet.

705 4929 796 4984 5'2.
839 4928 1064 4982 Tonitru
1099 4927 1154 4980 lit
1199 4927 1441 4996 pluribus
1493 4928 1686 4980 modis.
1737 4926 1870 4980 Nam
1911 4936 1964 4981 et
1996 4925 2201 4995 lapides

633 5021 939 5088 coniplures
984 5033 1037 5075 et
1092 5020 1328 5088 majores
1382 5018 1684 5087 praecipites
1733 5017 1932 5086 dejeeti
1986 5032 2081 5086 per
2121 5027 2200 5071 ta-

633 5111 785 5164 bulas
825 5110 1029 5178 ligneas
1071 5110 1313 5162 incidunt
1353 5105 1489 5160 infra
1551 5106 1602 5158 in
1647 5118 1823 5160 aeneas
1872 5106 2100 5158 laminas
2145 5113 2201 5160 et

2308 4655 2451 4708 καίει
2498 4655 2558 4708 τὸ
2593 4654 2843 4709 -σύνολον,
2900 4656 2962 4707 El
3011 4655 3068 4708 δὲ
3118 4657 3211 4709 καὶ
3261 4659 3436 4726 μαννῇ
3463 4658 3509 4688 θ’
3559 4657 3839 4710 ἐπιπάσσειὶ

2307 4745 2480 4808 ζέοντι
2502 4748 2538 4809 ¹,
2575 4747 2752 4816 πολλῷ
2789 4746 2985 4817 μᾶλλον
3013 4745 3326 4810 ἐξάπτεται.
3364 4748 3652 4802 Βέλτιονδὲ
3671 4747 3768 4816 δρᾷ,
3799 4746 3838 4795 εξ

2305 4841 2396 4888 καὶ
2429 4835 2569 4889 θείου
2610 4838 2987 4908 τιπροσλάὸοι
3003 4840 3042 4891 ³.

2374 4927 2474 4997 λβ’.
2516 4929 2720 4999 Βροντὴ
2751 4929 2959 4997 γίνεται
2988 4923 3209 5001 τρόποις
3239 4928 3450 4982 πλειοσι
3471 4945 3485 4957 °
3514 4928 3650 4982 λίθοι
3676 4945 3725 4980 τε
3745 4925 3835 4994 γὰρ

2305 5017 2548 5080 πλείονες
2581 5019 2673 5070 καὶ
2705 5020 2950 5087 μείζονες
2982 5021 3124 5074 κατὰ
3167 5020 3430 5091 κρημνῶν
3461 5021 3733 5090 φερόμενοι
3761 5015 3832 5067 διᾶ

2308 5107 2532 5160 σανίδων
2588 5109 3087 5163 ὲπικαταπίπτουσι
3151 5112 3370 5181 χαλκοῖς
3418 5107 3716 5180 ὲλάσμασι³
3757 5103 3832 5157 καὶ

1876 5258 2109 5314 ΫΑΙὶΙΛΕ
2148 5259 2558 5317 LELTIONES.

698 5381 741 5412 ⁷³
778 5378 968 5431 Βώλων
987 5376 1056 5464 PC'.
1129 5373 1648 5464 "'hGé‘munPQ‘on.
1673 5372 2010 5464 λιϐρινωξόινῖ
2182 5373 2227 5405 ⁸⁸
2257 5374 2456 5454 λιϐάνῳ
2490 5376 2565 5448 τῷ
2590 5377 2651 5432 C.
2729 5379 2770 5410 ει
2803 5383 2893 5432 τὸν
2928 5380 3115 5448 κηρόν⁸
3143 5380 3298 5451 κηρῷ
3327 5380 3388 5434 (λ
3466 5384 3512 5414 ει
3541 5376 3829 5435 ἐπιδεικνύς,

625 5469 716 5512 τες
746 5453 806 5504 C.
881 5451 926 5481 ⁸³
953 5449 1010 5511 ἐξ
1033 5448 1330 5516 ἑκατέραςῖ
1425 5443 1472 5516 9⁵
1491 5446 1609 5516 τῆς.
1640 5443 1733 5516 τοῦ
1759 5445 1818 5498 Ο.

1895 5443 2060 5517 δαῙωῦ
2084 5445 2399 5517 χραφικοὺ.
2429 5443 2832 5517 τῆς’γραφικῆς
2864 5449 2923 5502 C.

3001 5446 3044 5479 ⁸⁸
3078 5446 3232 5515 λείῳ.⁷
3263 5446 3420 5506 λειῶν
3451 5453 3511 5506 C.
3584 5454 3621 5484 ⁸⁷
3656 5451 3753 5502 Τῶν
3779 5446 3823 5496 ἐξ

628 5521 813 5585 ἀμνῶν
843 5521 900 5572 C.
977 5517 1021 5548 ⁸*
1049 5513 1376 5590 παραδοθεὶς
1782 5513 1900 5566 οὐδὲ
2079 5515 2431 5590 θθ-κνίθεσθαι
2466 5513 2524 5571 (3.
2561 5513 2604 5550 ’ί
2637 5513 2964 5586 ἀποτέμνειν
2992 5520 3054 5582 C,
3091 5513 3549 5590 ιιιιάποτέμνεται
3580 5523 3656 5574 ?°‘
3685 5516 3739 5588 ἧς
3758 5517 3820 5566 τό.

653 5593 728 5650 εἰς
757 5592 813 5640 τὸ
837 5590 897 5642 C.
1009 5590 1054 5620 ⁸³
1081 5585 1378 5640 λιϐανωτοῦ
1399 5587 1458 5638 G.
1556 5587 1600 5618 9"
1626 5585 1926 5655 ὑδάργυρον
1949 5586 2020 5655 t2.

628 5677 794 5722 nnrg.
871 5660 914 5689 9°
940 5659 1215 5729 ἡέιημένος
1241 5659 1304 5712 C.

2125 5585 2530 5658 “sentienti,
2565 5586 2632 5642 M.
2670 5589 2714 5618 9°
2739 5585 2891 5658 ἥλιον
2929 5594 3219 5656 lineperns.

1395 5656 1588 5728 ’jqunl
1635 5654 1804 5724 μαννῇ
1834 5654 1955 5728 ζεὶιιί
1999 5654 2134 5728 velit
2182 5655 2388 5728 ignoso.
2435 5656 2683 5709 Fortasse
2720 5654 2996 5712 resinaeea
3035 5654 3279 5728 quaedam
3323 5654 3614 5714 substantia
3655 5657 3817 5712 intelh.

3322 5589 3370 5622 ⁵⁷⁷
3401 5596 3698 5663 χρειόμενον
3720 5589 3819 5663 (ΖΠ-8η

626 5742 804 5793 μιΗΙΓ,
841 5724 1194 5790 cum'ninuna
1231 5727 1368 5791 apud
1399 5724 1627 5780 Plinium
1668 5724 1970 5795 proprium_
1993 5727 2305 5795 vocabulum
2339 5725 2410 5779 sit
2445 5743 2550 5791 quo
2595 5729 2934 5794 appellantur
2971 5724 3134 5795 grana
3170 5732 3341 5786 thuris
3381 5744 3434 5787 et
3464 5734 3671 5786 aliarum
3707 5729 3814 5781 re)?

623 5815 810 5852 uarum
840 5795 885 5848 Μ
987 5799 996 5826 ¹
1039 5796 1205 5858 ξέοντι
1241 5797 1298 5850 C.

1377 5800 1396 5828 ¹
1429 5813 1477 5848 τι
1508 5794 1799 5865 προσλάϐοι
1826 5796 1888 5850 Λ.
1928 5792 2238 5859 Mcinekius,
2275 5795 2417 5858 τινος
2450 5795 2604 5850 λάϐοι
2633 5792 2696 5863 C,
2723 5801 2792 5856 Μ,
2826 5800 2846 5830 ³
2875 5792 3148 5869 θλὰσμασι
3172 5799 3235 5854 C.

3955 297 3957 340 1

3956 343 3957 404 1

3956 407 3957 464 1

3956 481 3957 514 1

3956 729 3957 798 1

3956 863 3957 898 1

3956 903 3957 954 1
