4002 6520
124 453 258 514 3099

1252 458 1552 519 CONTRA
1588 458 1952 521 HERESES
1987 464 2133 526 LIB.
2178 466 2278 525 IV.

3238 466 3381 534 3100

123 561 380 627 ἰπιεικῶς
408 564 561 617 ποιεῖ
591 563 685 617 καὶ
721 563 898 635 γύψου
931 565 989 619 δὲ
1021 564 1180 629 ἄνθος
1207 567 1326 637 μεθ’
1357 568 1546 630 ὓδατος
1573 567 1701 620 διει-

1811 584 1949 637 aqua
1981 572 2291 639 percolatus
2312 580 2367 627 et
2387 570 2623 642 gummi;
2659 572 2764 628 hoc
2789 586 2918 629 vero
2946 573 3109 629 etiam
3137 575 3205 629 ad
3233 576 3387 631 obsi-

127 658 280 727 μένον
300 657 347 687 ⁸⁸
380 657 481 709 καὶ
520 654 775 726 κόμμεως
794 658 860 720 σι,
900 656 1061 711 τοῦτο
1110 658 1206 728 μὲν
1238 659 1302 729 δὴ
1345 659 1442 712 καὶ
1475 659 1612 728 πρὸς
1639 658 1700 711 τὸ

126 749 421 815 copulant
472 747 722 815 μόλιϐδον
768 748 1035 817 τετηκότα
1070 751 1216 802 ποιεῖ
1256 748 1543 802 κάλλιστα.
1591 748 1701 801 Καὶ

127 838 182 891 τὸ
206 839 249 868 ⁶¹
284 837 372 890 διά
414 838 515 891 τοῦ
555 839 901 909 Τυρρηνικοῦ
936 839 992 893 δὲ
1022 840 1195 910 κηροῦ
1230 841 1322 893 καὶ
1351 840 1575 910 ῥητίνης
1605 856 1701 910 φο·-

132 929 322 999 ρυκτῆς
350 929 397 961 ⁸⁸
424 929 527 983 uel.
543 930 588 965 ⁸⁸
615 931 818 1002 πίσσης
841 931 935 984 καὶ
962 931 1238 999 ἀσφάλτου
1267 930 1402 1002 [καὶ]
1430 931 1699 1002 μαστίχης

131 1023 216 1074 καὶ
244 1021 392 1081 λείας
424 1023 724 1093 μαρμάρου
744 1064 760 1088 ,
795 1024 926 1075 ίσων
954 1023 1209 1076 ἁπάντων
1246 1022 1556 1092 ἑψομένων,
1591 1022 1700 1077 τῶν

135 1114 223 1182 μὲν
258 1113 435 1166 ἄλλων
471 1107 548 1165 ὧν
578 1113 714 1185 ἔφην
756 1115 871 1166 ἐστὶ
912 1114 1011 1184 μὲν
1052 1114 1277 1184 βέλτιον,
1319 1114 1373 1167 τὸ
1400 1115 1455 1168 δὲ
1485 1114 1573 1167 διά
1598 1115 1699 1183 τῆς

134 1203 293 1273 γύψου
325 1205 430 1258 οὐκ
482 1204 724 1259 ἔλαττον.
761 1203 946 1269 Οὕτως
984 1204 1083 1275 μὲν
1131 1200 1223 1259 οὖν
1254 1206 1349 1259 καὶ
1394 1207 1492 1269 τὰς
1532 1222 1699 1276 σφραο

133 1295 272 1364 γῖδας
298 1294 449 1348 λύειν
478 1294 817 1366 ἐπιχειροῦσι
845 1294 914 1349 τὰ
939 1295 1088 1349 ἔνδον
1114 1297 1476 1367 γεγραμμένα
1502 1297 1700 1368 μανθά-

136 1402 234 1439 νειν
273 1386 632 1457 πειρώμενοι.
668 1386 881 1449 Ταύτας
913 1388 968 1441 δὲ
993 1388 1039 1420 ⁸⁸
1070 1386 1277 1442 ὤκνουν
1312 1389 1412 1452 τὰς
1449 1388 1699 1461 μηχανάς

136 1478 420 1545 κατατάξαι
452 1480 511 1531 ὲν
542 1483 609 1550 τῇ
642 1479 831 1551 βίϐλῳ,
864 1480 1067 1551 ἐνορῶν
1097 1483 1171 1552 μὴ
1202 1483 1329 1535 ποτέ
1356 1498 1439 1546 τις
1468 1481 1700 1553 κακοῦρ-

137 1588 221 1638 γος
261 1570 519 1641 ἀφορμὰς
567 1571 747 1625 λαϐὼν
791 1572 1162 1644 ἐπιχειρήσει·
1200 1570 1294 1626 νῦν
1329 1572 1444 1643 δὲή
1490 1572 1699 1627 πολλῶν

137 1661 432 1730 δυναμένων
468 1659 713 1731 σωθῆναι
743 1663 880 1715 νέων
908 1663 1129 1731 φροντὶς
1162 1662 1345 1715 ἔπεισε
1373 1661 1579 1727 διδάξαι
1605 1662 1699 1716 καὶ

141 1752 401 1818 προειπεῖν
441 1750 693 1819 φυλακῆς
750 1752 977 1804 ἕνεκεν·
1033 1750 1109 1816 ὡς
1155 1753 1262 1824 γὰρ
1307 1753 1571 1824 χρήσεταί
1616 1768 1699 1816 τις

141 1843 309 1903 αὐταῖς
339 1841 475 1912 πρὸς
506 1840 679 1895 κακοῦ
713 1842 969 1913 μάθησιν,
1005 1842 1148 1896 οὕτω
1178 1859 1259 1905 τις
1288 1842 1473 1911 ἔτερος
1511 1841 1699 1912 μαθὼν

142 1926 432 1992 φυλάξεται,
471 1930 570 1981 καὶ
603 1930 757 1982 αὐτοὶ
787 1930 844 1982 δὲ
878 1930 927 1982 οί
956 1931 1049 1982 τοῦ
1075 1930 1190 2001 βίου
1229 1930 1503 2000 λυμεῶνες
1537 1932 1701 2001 μάγοι
1734 1924 1778 1978 Β

144 2018 570 2089 αἰσχυνθήσονται
595 2024 660 2090 τῇ
692 2022 858 2093 τέχνῃ
892 2021 1184 2092 χρώμενοι.
1218 2023 1500 2085 Μαθόντες
1527 2023 1582 2075 δὲ
1607 2024 1699 2093 ἀφ’

143 2110 278 2179 ἡμῶν
308 2112 479 2164 ταῦτα
512 2112 987 2185 προ[διδαχθέντα]
1007 2116 1051 2147 ⁸⁸
1083 2115 1570 2186 ἑμποδισθήσονται
1605 2133 1700 2169 τυ-

145 2203 225 2270 χδν
269 2202 361 2271 τῆς
412 2204 696 2266 ἀπονοίας.
748 2204 865 2257 ’ῐνα
920 2204 976 2257 δὲ
1022 2205 1096 2276 μὴ
1146 2204 1341 2275 λύηται
1378 2204 1550 2278 ταύτῃ
1568 2205 1612 2236 ⁸⁷
1666 2206 1700 2276 ἡ

148 2295 359 2365 σφραγὶς
377 2335 391 2360 ,
430 2295 602 2367 στέαρ
631 2295 776 2350 ὕειον
799 2298 893 2350 καὶ
921 2298 1113 2368 τοίχας
1138 2297 1216 2369 τῷ
1240 2298 1397 2370 κηρῷ
1424 2316 1510 2361 τις
1542 2296 1702 2369 μίξας

150 2388 493 2456 σφραγιζέτω.

208 2480 293 2533 λε’,
348 2480 482 2533 Ἀλλ’
522 2481 647 2535 οὐδὲ
686 2480 787 2552 τὴν
830 2481 1292 2552 λεκανομαντείαν
1320 2482 1503 2536 αὐτῶν
1535 2479 1707 2537 οὖσαν

151 2571 485 2644 πανούργημα
519 2576 889 2646 σιωπήσομαι.
922 2574 1144 2645 Οῖκημα
1173 2576 1281 2647 γάρ
1301 2593 1354 2629 τι
1381 2576 1702 2646 κεκλεισμέ-

149 2680 224 2715 νον
256 2667 618 2730 σκευάσαντες
658 2667 753 2719 καὶ
798 2665 877 2737 ip.
926 2666 1161 2738 71—73]
1200 2666 1392 2736 κυανῷ
1441 2666 1534 2719 τὸν
1581 2666 1701 2737 ὅρου

152 2757 289 2822 om“
316 2758 603 2828 χρίσαντες
633 2761 711 2822 είς
742 2758 807 2829 δὴ
841 2760 885 2790 ⁸⁸
923 2758 985 2811 τὸ
1013 2758 1186 2829 παρὸν
1209 2758 1503 2825 ἐπάγονται
1533 2757 1698 2827 σκεύη

151 2849 252 2901 τινὰ
281 2852 473 2903 κυάνεα
515 2852 615 2904 καὶ
652 2850 1029 2910 ἀνατείνουσι,
1064 2849 1204 2919 μέση
1236 2849 1292 2901 δὲ
1330 2850 1528 2919 λεκάνη
1561 2849 1702 2902 κατὰ

154 2941 236 3005 τῆς
265 2939 358 3008 γῆς
389 2939 583 3003 ὓδατος
610 2941 781 3011 μεστὴ
802 2940 847 2971 ⁷⁸
879 2940 1109 3006 τίθεται,
1136 2940 1170 3009 ἡ
1202 2938 1212 3010 |
1243 2938 1340 3011 τὴν
1371 2940 1704 2993 ἀντανάκλα-

158 3045 225 3079 σιν
249 3028 338 3097 τῆς
379 3031 583 3084 κυανοῦ
619 3029 1039 3101 προσπεσοῦσαν
1080 3030 1237 3099 δίκην
1274 3029 1702 3100 ούρανοῢένδεί-

159 3135 337 3175 κνυσιν.
370 3123 523 3192 Ἔχει
562 3122 627 3175 δὲ
656 3123 750 3175 καὶ
787 3121 1009 3191 στόμιόν
1035 3139 1088 3174 τι
1120 3122 1181 3175 τὸ
1215 3122 1409 3190 ἔδαφος
1440 3121 1698 3191 λεληθὸς,

157 3206 505 3286 ᾦὲπικειμὲνη
535 3217 571 3285 ὴ
599 3215 797 3285 λεκάνη
838 3214 929 3266 τὸν
967 3214 1064 3284 μὲν
1091 3213 1340 3279 πυθμένα
1366 3214 1480 3283 ἔχει
1514 3213 1698 3279 ὑάλου,

160 3305 272 3374 αὕτη
295 3305 347 3358 δέ
373 3308 485 3360 ἐστι
517 3306 750 3377 πετρίνη
770 3308 846 3367 τί,
879 3305 1130 3358 ὕπεστιη
1162 3305 1219 3358 δὲ
1252 3301 1397 3369 οἶκος
1428 3304 1665 3374 λεληθὼς
1689 3347 1704 3372 ,

161 3398 220 3457 είς
246 3398 297 3450 δν
318 3398 783 3469 συμπορευόμενοι
806 3398 855 3451 οἱ
884 3400 1226 3467 συμπαῖκται
1256 3398 1512 3467 σχήματα
1542 3390 1616 3451 ὧν
1643 3396 1708 3450 ἂν

164 3480 383 3553 βούληται
414 3485 692 3539 δεικνύναι
717 3488 745 3539 ὁ
780 3487 951 3556 μάγος
979 3484 1116 3538 θεῶν
1141 3486 1237 3539 καὶ
1256 3485 1525 3556 δαιμόνων
1555 3486 1707 3539 ἐνδυ-

165 3573 353 3643 σάμενοι
380 3577 738 3646 ἐμφαίνουσιν
758 3615 773 3637 ,
808 3574 902 3639 οὒς
934 3574 1187 3645 καθορῶν
1216 3576 1245 3627 ὁ
1273 3572 1622 3645 πλανώμενος
1647 3573 1710 3627 τὸ

164 3666 491 3739 πανούργημα
533 3668 931 3737 καταπέπληγε
972 3668 1081 3721 τῶν
1138 3668 1362 3739 μάγων,
1392 3668 1487 3720 καὶ
1524 3667 1709 3719 λοιπὸν

166 3757 312 3812 πάντα
351 3761 597 3814 πιστεύει
624 3761 695 3814 τά
733 3760 825 3815 ὑπ’
852 3760 1019 3815 αὑτοῦ
1055 3760 1425 3832 ῥηθησόμενα.
1468 3760 1711 3829 Δαίμονα

164 3846 208 3898 δὲ
226 3853 351 3903 ποιεῖ
381 3852 654 3917 καίεσθαι,
675 3853 733 3905 ὲν
760 3852 924 3923 τοίχῳ
949 3851 1298 3914 διατυπώσας
1324 3851 1510 3922 σχῆμα
1530 3850 1557 3902 δ
1584 3849 1708 3919 βού-

167 3935 310 4005 λεται,
338 3937 449 3995 εἶτα
482 3942 761 4014 λαθραίως
797 3943 1033 4013 ὲπιχρίει
1065 3942 1343 4012 φαρμάκῳ
1384 3939 1710 4011 μεμιγμένῳ

166 4026 276 4096 τιῖλδε
303 4031 375 4100 τῷ
413 4033 603 4105 τρόπῳ
627 4049 642 4064 ο
668 4071 685 4088 .
713 4071 729 4088 .
756 4072 772 4091 .
799 4068 815 4088 .
845 4074 860 4088 .
895 4030 1202 4101 Λακωνικῷ
1223 4031 1272 4063 ⁷³
1310 4031 1406 4083 καὶ
1451 4029 1710 4101 ἀσφάλτῳ

171 4119 425 4193 Ζακυνθίᾳ,
455 4121 577 4179 εἷτα
604 4126 679 4189 ὡς
708 4124 1088 4193 ἀποφοιϐάζων
1122 4122 1506 4195 τήνηλαμπάδα
1539 4138 1709 4192 προσο

170 4211 297 4282 φέρει
333 4216 402 4286 τῷ
433 4220 619 4289 τοίχῳ.
662 4217 735 4270 Τὸ
772 4219 832 4271 δὲ
884 4218 1175 4286 φάρμακον
1219 4214 1506 4285 ὲκλάμψαν
1554 4214 1707 4267 κοιίε⁸

170 4319 260 4358 ται.
294 4307 511 4382 Ἑκάτην
545 4312 607 4365 δὲ
633 4310 811 4365 δοκεῖν
844 4310 1089 4381 ἔμπυρον
1124 4308 1435 4379 διατρέχειν
1486 4309 1545 4360 ὲν
1585 4307 1708 4376 ἀέρι

172 4390 288 4446 οὕτω
314 4402 660 4469 τεχνάζεται·
695 4400 1048 4471 συμπαίκτην
1086 4399 1210 4451 τινὰ
1234 4397 1447 4468 κρύψας
1475 4398 1533 4450 ὲν
1558 4397 1710 4466 τόπῳ

172 4475 208 4549 ᾧ
246 4486 501 4558 βούλεται,
546 4493 879 4564 παραλαὸὼν
927 4491 1053 4554 τοὺς
1094 4490 1482 4560 πλανωμένους
1530 4488 1707 4541 πείθει

174 4574 316 4671 λέγων
342 4582 522 4649 δείξειν
556 4585 948 4639 διιππεύουσαν
972 4584 1018 4615 ⁷⁸
1047 4584 1116 4637 δι’
1152 4584 1314 4654 ἀέρος
1335 4582 1579 4652 ἔμπυρον
1609 4580 1707 4649 τὴν
1740 4616 1786 4671 D

176 4664 384 4738 δαίμονα,
433 4672 510 4740 οἷς
546 4676 917 4747 παραγγέλλει
949 4675 1048 4739 τὰς
1080 4675 1232 4745 ὄψεις
1264 4674 1401 4744 ταχὺ
1438 4673 1707 4742 φυλάσσε-

179 4754 279 4809 σθαι
302 4762 450 4830 ἡνίκα
477 4766 661 4819 ἴδωσιν
685 4768 741 4819 ἐν
772 4766 895 4836 ἀέρι
934 4765 1033 4832 τὴν
1065 4764 1269 4833 φλόγα,
1297 4762 1711 4832 καλυψαμένους

178 4861 225 4897 τε
265 4851 346 4905 ἐπὶ
376 4858 660 4925 πρόσωπον
699 4858 924 4911 πίπτειν
944 4895 960 4921 ,
1012 4858 1118 4921 ἕως
1155 4855 1317 4918 αὐτὸς
1349 4854 1487 4926 καλῇ
1509 4856 1554 4887 ⁷⁸
1574 4895 1588 4918 ,
1618 4856 1711 4908 καὶ

179 4942 321 4995 ταῦτα
359 4946 565 5015 διδάξας
625 4953 683 5006 ὲν
738 4949 984 5020 ἀσελήνῳ
1023 4948 1179 5003 νυκτὶ
1232 4947 1299 5000 δι’
1340 4947 1489 5000 ὲπῶν
1539 4945 1712 5008 οὕτως

181 5031 434 5102 φθέγγεται
448 5057 461 5071 ’

209 5207 452 5286 Νθρτερίη
474 5220 682 5289 χθονίη
711 5237 773 5272 τε
796 5218 893 5271 καὶ
933 5219 1180 5288 οὐρανίη
1200 5216 1355 5286 Itale
1394 5214 1599 5284 Βομόὼ
1614 5216 1701 5279 ⁷⁵,

1806 660 2075 729 gnandum
2114 652 2393 731 plumbum
2425 661 2776 732 liquefactum
2804 670 3025 731 prastat
3059 664 3285 735 Optime.
3314 665 3383 721 Et

1807 750 1857 804 id
1890 752 2030 820 quod
2061 752 2120 806 ﬁt
2146 767 2241 822 per
2273 752 2503 808 “fuscam
2533 768 2661 807 vero
2685 766 2866 807 ceram
2887 760 2943 808 et
2966 754 3259 811 admistam
3287 769 3381 811 re-

1806 840 1980 897 sinam
2009 852 2063 898 et
2110 843 2283 913 picem
2310 854 2365 899 et
2412 842 2716 913 asphaltum
2753 850 2809 898 et
2850 843 3156 899 masticben
3179 853 3235 899 et
3265 842 3374 901 mi-

1807 944 1995 988 nutum
2041 951 2301 1001 marmor,
2328 950 2453 991 cum
2486 949 2555 990 ex
2608 933 2724 1004 pari
2765 934 3013 1003 portione
3050 935 3230 989 omnia
3269 948 3380 991 co—

1806 1036 2065 1095 qttuntur,
2103 1028 2326 1098 reliquis
2369 1028 2621 1083 omnibus
2677 1039 2797 1096 quae
2842 1025 3089 1081 dicebam
3141 1025 3382 1082 medica-

1806 1118 2004 1171 mentis
2050 1126 2296 1187 praestat,
2329 1118 2617 1188 gypsinum
2665 1122 2846 1171 autem
2880 1129 2986 1169 non
3047 1114 3246 1170 minus.
3282 1112 3390 1172 Sic-

1807 1208 1969 1277 igitur
1991 1214 2047 1261 et
2087 1206 2259 1277 sigilla
2299 1207 2510 1263 solvere
2540 1208 2830 1271 intentant,
2856 1219 2976 1276 qua
3002 1206 3146 1259 intus
3168 1204 3391 1273 scripta-

1805 1310 1931 1353 sunt
1955 1299 2168 1354 discere
2231 1307 2471 1353 aventes.
2529 1296 2636 1354 Has
2682 1306 2862 1353 autem
2909 1296 3226 1352 dubitabam
3261 1300 3381 1350 ma-

1805 1391 1995 1446 cltinas
2039 1391 2281 1446 inserere
2319 1389 2370 1444 in
2414 1390 2556 1445 hunc
2610 1390 2826 1457 librum,
2874 1402 3073 1445 cavens
3111 1402 3181 1443 ne
3236 1385 3380 1443 forte

1806 1483 1927 1551 quis
1974 1482 2251 1537 maleﬁcus
2298 1481 2414 1536 haec
2479 1481 2748 1551 arriperet
2776 1490 2833 1536 et
2885 1488 3197 1549 usurparet.
3222 1477 3381 1534 Nunc

1806 1584 1984 1630 autem
2012 1573 2305 1644 reputanti,
2341 1580 2473 1643 quot
2499 1572 2727 1641 juvenes
2770 1572 2857 1627 his
2910 1570 3140 1641 proditis
3167 1567 3391 1624 servari

1806 1677 2051 1737 possent,
2084 1666 2370 1722 consilium
2424 1664 2528 1718 fuit
2589 1665 2785 1720 docere
2824 1672 2880 1718 et
2912 1663 3158 1732 prodere,
3191 1670 3251 1716 ut
3281 1666 3386 1716 ca-

1804 1768 2046 1813 veretur.
2073 1756 2148 1813 Ut
2182 1757 2326 1811 enim
2373 1754 2658 1824 usurpabit
2690 1752 2962 1824 quispiam
2992 1752 3059 1805 ad
3107 1749 3379 1829 cognitio-

1808 1866 1929 1905 nem
1977 1848 2125 1914 mali,
2172 1849 2246 1903 ita
2297 1846 2437 1903 alius
2471 1846 2594 1916 quis
2624 1844 2715 1900 ubi
2768 1843 3020 1899 didicerit
3058 1840 3295 1905 cavebit,
3322 1851 3379 1898 et

1806 1940 1952 2008 ipsos
1973 1952 2101 1993 vero
2122 1936 2248 1991 vita:
2269 1936 2653 2004 depravatores
2678 1948 2863 2004 magos
2880 1932 3104 2003 pudebit
3130 1941 3247 1985 arte
3273 1946 3373 1985 sua

1808 2030 1906 2084 uti.
1950 2028 2053 2086 Ubi
2088 2037 2268 2083 autem
2316 2025 2610 2081 didicerint
2662 2025 2777 2079 haec
2826 2040 2857 2078 a
2907 2022 3063 2079 nobis
3124 2037 3383 2092 pramono

1807 2129 2001 2186 strata,
2031 2117 2262 2172 fortasse
2289 2116 2718 2187 prohibebuutur
2761 2129 2791 2169 ε
2831 2113 3102 2170 dementia
3152 2129 3268 2167 sua.
3300 2112 3381 2168 Ne

1806 2225 1937 2265 vero
1967 2209 2207 2263 solvatur
2233 2209 2332 2262 hac
2364 2207 2573 2260 ratione
2601 2205 2859 2275 sigillum,
2902 2204 3115 2275 adipem
3153 2203 3371 2259 suillum

1806 2310 1863 2357 et
1887 2301 2067 2355 crines
2103 2313 2243 2355 cera:
2266 2297 2573 2354 admiscens
2603 2298 2875 2368 obsignet.

1878 2468 1970 2524 55.
2002 2466 2111 2524 Sed
2137 2480 2205 2521 ne
2230 2463 2675 2520 vaticinationem
2725 2462 2981 2533 quidem,
3008 2476 3130 2532 qua?
3174 2461 3236 2516 ﬁt
3282 2474 3380 2531 per

1810 2560 2025 2631 pelvim,
2049 2572 2171 2627 quae
2202 2567 2287 2613 est
2328 2571 2396 2612 ex
2431 2554 2717 2610 fraudibus
2739 2568 2953 2617 eorum,
3006 2553 3201 2609 silebo.
3234 2552 3379 2607 Con-

1808 2647 1959 2702 clave
2011 2645 2155 2699 enim
2216 2643 2461 2699 clausum
2527 2640 2874 2712 102-103
2929 2640 3261 2695 instruentes
3324 2649 3380 2696 et

1807 2752 1980 2806 cyano
2012 2735 2599 2803 lacunarinungentes,
2626 2732 2680 2785 in
2717 2740 3037 2802 praesentem
3078 2744 3232 2786 usum
3281 2731 3380 2785 ad-

1809 2834 2027 2879 movent
2048 2822 2152 2878 sibi
2180 2823 2543 2876 instrumenta
2569 2820 2813 2890 quaedam
2864 2833 3069 2890 cyanea
3095 2827 3149 2872 et
3174 2816 3367 2873 sustol-

1808 2915 1946 2980 lnnt,
1972 2914 2147 2969 media
2201 2922 2382 2967 autent
2410 2909 2579 2981 pelvis
2623 2909 2779 2980 plena
2819 2924 2974 2978 aqua:
3007 2908 3297 2978 deponitur
3322 2906 3377 2963 in

1812 3012 1978 3069 terra,
2033 3016 2152 3070 quae
2210 3000 2556 3055 reﬂexionem
2608 2999 2766 3068 cyani
2825 2999 3156 3053 incidentem
3202 2998 3375 3052 instar

1808 3092 1930 3147 cmli
1967 3092 2162 3147 reddit.
2201 3089 2375 3144 Habet
2418 3100 2599 3144 autem
2628 3088 2791 3143 etiam
2840 3098 3151 3157 aperturam
3183 3102 3381 3157 quam-

1808 3182 1931 3235 dam
1957 3181 2211 3235 latentem
2249 3178 2640 3247 pavimentum,
2668 3176 2758 3230 cui
2783 3176 3031 3245 imposita
3060 3176 3232 3246 pelvis
3257 3175 3383 3232 fun-

1733 3274 1776 3329 C
1809 3275 1935 3328 dum
1976 3273 2139 3328 habet
2166 3271 2315 3335 vitri,
2344 3271 2471 3323 dum
2528 3269 2643 3337 ipsa
2676 3278 2759 3322 est
2791 3267 3034 3336 lapidea;
3081 3269 3266 3323 subest
3285 3283 3384 3322 au-

1813 3380 1918 3419 tem
1947 3363 2201 3419 conclave
2249 3361 2597 3426 delitescens,
2632 3359 2686 3414 in
2731 3361 2873 3428 quod
2920 3359 3236 3429 congregati
3272 3358 3384 3413 col-

1810 3458 2022 3512 lnsores
2046 3456 2245 3525 ﬁguras
2273 3469 2503 3525 quorum
2531 3452 2674 3509 volet
2716 3453 3003 3508 ostendere
3036 3466 3225 3520 magus
3256 3451 3386 3506 deo-

1811 3566 1929 3605 rum
1963 3550 2374 3616 daemonumque
2426 3544 2597 3600 induti
2641 3543 2955 3609 ostendunt,
2991 3544 3190 3612 quibus
3237 3556 3386 3597 con-

1810 3644 2011 3714 spectis
2036 3642 2104 3703 is,
2135 3642 2223 3696 cui
2270 3639 2588 3711 imponitur,
2622 3640 2690 3692 ad
2736 3636 2954 3692 frandes
2978 3651 3258 3707 magorum
3287 3635 3385 3691 ob-

1808 3733 2027 3802 stupeﬁt
2053 3743 2106 3786 et
2135 3728 2334 3785 deinde
2357 3729 2609 3783 omnibus
2629 3725 2787 3781 ﬁdem
2813 3727 2997 3789 habet,
3030 3740 3154 3791 quae
3185 3725 3255 3779 ab
3289 3723 3385 3779 illo

1811 3826 2078 3880 dicentur.
2138 3820 2455 3876 Dentonem
2491 3829 2673 3872 autem
2726 3816 2860 3871 facit
2894 3815 3123 3884 ﬂagrare
3156 3814 3290 3884 igni,
3326 3814 3381 3869 in

1812 3916 2017 3987 pariete
2048 3912 2325 3969 delineans
2357 3909 2597 3979 speciem
2623 3921 2783 3976 quam
2815 3903 2978 3969 volet,
3017 3904 3211 3959 deinde
3245 3903 3383 3958 ciant

1812 4006 2023 4075 inungit
2060 4004 2454 4059 medicamento
2505 4000 2666 4055 misto
2706 4000 2758 4052 in
2786 3996 2931 4051 hunc
2962 3995 3253 4051 modum...
3276 3994 3384 4049 La-

1811 4097 2002 4151 conico
2027 4104 2081 4150 et
2104 4093 2354 4165 aspltalto
2378 4089 2715 4164 Zacynthia;
2754 4087 2949 4144 deinde
2982 4096 3238 4157 tanquam
3261 4087 3382 4142 illu-

1811 4198 1994 4242 strans
2038 4185 2292 4240 admovet
2348 4182 2519 4237 facem
2556 4178 2769 4248 parieti,
2813 4175 3267 4232 medicamentum
3295 4192 3388 4231 au-

1814 4286 1921 4331 tem
1951 4274 2209 4344 eﬁ'ulgens
2234 4273 2562 4328 incenditur.
2584 4268 2785 4323 Hecate
2818 4277 2999 4321 autem
3038 4276 3096 4321 ttt
3130 4268 3379 4321 videatur

1811 4368 1975 4439 ignita
2016 4380 2334 4437 percurrere
2361 4378 2542 4418 aerem
2583 4363 2689 4420 hoc
2734 4361 2965 4417 artiﬁcio
3015 4360 3330 4427 assequitur
3365 4374 3381 4411 :

1812 4460 2148 4515 Collusorem
2188 4458 2420 4527 aliquem
2476 4471 2598 4511 cum
2641 4454 2984 4512 abscondidit
3015 4452 3070 4507 in
3101 4451 3244 4515 loco,
3277 4465 3387 4520 quo

1812 4553 1991 4618 libuit,
2054 4561 2245 4605 nactus
2303 4549 2499 4619 quibus
2562 4548 2804 4619 imponat
2853 4545 3061 4601 inducit
3110 4543 3387 4614 professus

1815 4660 1934 4699 sese
1963 4651 2389 4697 monstraturum
2438 4642 2774 4710 equitantem
2805 4654 2902 4709 per
2934 4650 3115 4694 aerem
3158 4634 3383 4703 ignitam

1817 4736 2136 4799 daemonem,
2181 4748 2318 4803 quos
2371 4732 2688 4787 cohortatur
2736 4731 2803 4783 ad
2854 4729 3041 4783 oculos
3097 4722 3385 4781 confestim

1817 4826 2221 4891 custodiendos,
2250 4825 2374 4878 dum
2401 4831 2629 4876 cernant
2651 4822 2704 4874 in
2727 4834 2855 4874 aere
2878 4820 3174 4881 ﬂammam,
3222 4823 3388 4883 utque

1818 4918 2073 4972 obvoluto
2110 4914 2257 4968 vultu
2289 4914 2341 4968 in
2368 4927 2431 4967 os
2461 4909 2838 4981 procuntbant,
2871 4908 3042 4964 donec
3068 4907 3183 4977 ipse
3210 4912 3387 4967 vocet,

1817 5019 1874 5065 et
1935 5010 2048 5063 hac
2091 5020 2372 5077 poStquatn
2418 5002 2655 5069 edocuit,
2708 5002 2763 5057 in
2805 5001 3038 5059 obscura
3088 5006 3246 5052 nocte
3296 5009 3390 5065 per

1816 5114 2007 5155 versus
2047 5098 2119 5153 ita
2152 5099 2298 5151 fatur
2325 5113 2361 5151 ιη

1818 5208 2107 5279 Inferna":
2138 5220 2441 5278 terrenaque
2473 5215 2523 5261 et
2552 5204 2957 5271 εωίεειὶενυεηὶ,
2989 5201 3207 5265 Βοιιιιιο,

1418 5370 1651 5427 VARI/ﬁ
1690 5366 2096 5423 LECTIONES.

243 5462 279 5491 "'
301 5464 545 5542 διειμένου
580 5475 639 5528 C.
722 5474 764 5504 ⁸⁸
792 5472 945 5542 κόμμ

190 5462 555 5557 αῗξιεξῆἷνθξζ
580 5475 639 5528 (³·
659 5544 703 5557 _,
722 5474 776 5557 ’,ξ
792 5472 1069 5557 κεδμμεξιῖς·
1098 5461 2122 5557 263-115“glgim‘L‘rbaotulg:
2153 5460 2266 5557 Μ...
2291 5452 2931 5557 φρικᾷἦς
2951 5451 3016 5518 C,
3040 5450 3287 5521 φρυκτῆς

244 5534 343 5605 καὶ,
370 5525 478 5593 add.
513 5525 608 5598 Μί
629 5525 637 5527 ν
659 5544 703 5575 ⁸⁸
734 5525 949 5605 Ταύτᾶς
971 5525 1159 5596 δ”οὐκ
1180 5525 1250 5594 ἂν
1287 5525 1364 5580 -Ῑ
1382 5525 1748 5601 κατατάξαιεν
1776 5536 1843 5605 τῇ
1883 5533 2049 5603 βὶινὶλῳ
2220 5531 2266 5562 ⁸⁸
2283 5525 2731 5605 προδιδαχθέντα-
2769 5538 2876 5594 προ

2904 5489 2928 5515 υ
2953 5489 3016 5518 υτ
3041 5489 3283 5521 Yl"""'t'l
3320 5489 3387 5503 ""

2903 5562 2916 5576 .
2961 5563 2975 5578 .
3016 5562 3032 5575 .
3060 5558 3075 5573 .
3119 5557 3134 5573 .
3172 5559 3185 5572 .
3227 5557 3242 5573 .
3282 5560 3293 5571 .
3328 5523 3390 5583 (Σ,

513 5590 997 5685 ἓέἶπροεῦἐὶδῶἒοὶ
1037 5590 1544 5685 εἷ’ἐέιὲὸδῃλωέένέε
1584 5590 1735 5685 ξῖιερ-
1772 5590 1843 5657 ΜἿ
1883 5590 1907 5685 ’.
1924 5604 1967 5636 ⁸⁷
1986 5590 2192 5685 iam:
2242 5590 2382 5685 sint
2687 5590 3388 5685 1⁸..ἕέλσὶνῇἔῖηὲβοΐζζῖηὲε

194 5662 327 5754 filii:
357 5676 407 5754 ξε
450 5662 1127 5754 ϐζιιξτῖιῖρἒἑῇἶξιέἁη

1152 5657 1556 5745 ’ίῖίᾶο-ἐήδὲ
1586 5657 1954 5745 ἔστί-πρηνὴς
1980 5677 2063 5745 (2._
2082 5657 2473 5745 abeam:
2492 5666 2650 5745 δίκη
2672 5665 2819 5745 illud
2847 5657 3151 5745 ᾼακωνικῷ
3186 5657 3392 5745 aliquot

194 5684 225 5694 ..
255 5684 327 5738 οη.
357 5684 407 5730 δὲ
450 5684 508 5743 C.
540 5684 608 5737 Μ.
644 5684 650 5685 ⁷
685 5685 731 5715 ⁷⁸
757 5684 953 5806 pse-:3.
988 5684 1127 5753 μέση
1152 5684 1215 5737 C.
1258 5684 1469 5745 ⁷³·αῡτη
1501 5684 1556 5730 δὲ
1589 5684 1707 5729 ἐστὶ
1740 5684 1954 5745 πρηνὴς
1980 5684 2040 5726 (2.
2084 5684 2128 5703 ⁷⁸
2164 5684 2371 5737 υπεστη
2407 5684 2467 5727 υ,
2492 5684 2563 5721 Μ.
2609 5684 2649 5697 ’⁸
2680 5684 2818 5717 nllle
2847 5684 3151 5745 tantumtqu
3186 5684 3392 5746 multis".

194 5742 412 5815 νθίξεψυὶει
453 5756 643 5807 omissa
677 5754 747 5807 Μ.
825 5754 870 5784 ⁷⁸
934 5753 1283 5815 ςισπεύουσαν
1312 5751 1374 5804 (Σ.
1441 5749 1488 5779 ⁷⁸
1526 5748 1682 5800 καλεῖ
1706 5747 1769 5802 C.
1846 5747 1890 5778 ⁷⁴
1919 5742 2115 5797 Βαυϐὼ
2160 5757 2311 5812 susp.
2344 5738 2415 5802 Μ,
2447 5737 2637 5811 ρόμόῳ
2669 5732 2929 5806 Bergktus
2968 5732 3028 5788 Ρ.
3054 5731 3116 5789 [ι.
3152 5730 3415 5804 p.1009,.

197 5807 270 5871 Ψιί
300 5812 392 5872 hoc
418 5835 624 5881 carmen
661 5826 915 5895 Opinatur
939 5807 1227 5879 Theocrito
1248 5822 1522 5876 obversari
1555 5819 1616 5881 ll,
1652 5818 1734 5871 l5.
