4002 6512
163 451 316 520 3103
1302 464 1601 526 CONTRA
1637 467 2003 530 HIERESES
2042 471 2185 530 LIB.
2231 472 2326 531 IV.

166 568 238 621 ἐκ
267 567 373 639 τῆς
401 569 609 642 χύτρας
636 571 716 633 είς
741 570 831 623 τὸν
860 572 1056 644 δροφον
1101 575 1194 628 καὶ
1231 579 1517 648 παρέχει⁹⁸
1552 597 1749 648 φαντα-

1858 583 2049 637 similis
2076 586 2126 638 in
2174 583 2415 638 lacunari
2453 589 2708 650 appareat
2739 580 2965 649 species.

166 659 298 712 σίαν
330 660 564 730 σελήνης
582 663 693 724 τοῖς
713 663 759 693 ’⁸
794 664 1086 734 παροῦσιν,
1119 669 1620 735 ἐπισκεπασθέντος
1650 671 1744 724 τοῦ
1787 673 2054 742 στόματος
2080 674 2183 744 τῆς
2199 674 2400 744 χύτρας
2432 671 2570 742 πρὸς
2598 672 2626 724 ὃ
2673 673 2923 724 ἀπαιτεῖν
2952 671 2980 722 ὁ
3041 680 3229 743 καιρός
3260 672 3426 734 δοκεῖ,

167 749 254 814 ὡς
303 753 562 822 μηνοειδῆ
629 753 936 809 δείκνυσθαι
971 758 1028 810 ἐν
1066 759 1144 828 τῷ
1173 760 1357 832 ὀρόφῳ
1407 762 1506 830 τὴν
1553 764 1878 831 φαντασίαν.

248 839 330 913 [ρ.
363 841 717 915 75-76]λη’.
753 845 1017 917 Ἀστέρας
1041 849 1098 902 δὲ
1144 846 1281 904 εἶναι
1319 853 1495 905 δοκεῖν
1540 852 1752 906 ποιοῦσι

166 930 464 1003 θρισσῶνῆ
495 933 760 1006 ίππούρου
774 936 817 968 ’⁷
843 938 1052 1006 φολίδες
1077 939 1230 994 ὕδατι
1254 942 1398 1011 μετὰ,
1415 944 1675 1012 κόμμεως
1697 944 1744 976 *⁸

162 1022 494 1094 δεδευμέναι
535 1026 629 1080 καὶ⁴
673 1030 1202 1102 προσπεπλασμέναι
1253 1033 1329 1104 τῷ
1376 1036 1558 1106 ὀρόφῳ
1600 1035 1739 1090 κατά

161 1115 321 1169 διαλε
331 1118 348 1169 ί
354 1136 562 1188 μματα.

242 1208 348 1263 λθ’.
395 1211 628 1279 Σεισμοῦ
673 1212 730 1266 δέ
781 1215 1082 1284 φαντασίαν
1129 1215 1406 1284 ποιοῦσιν,
1452 1218 1527 1280 ὡς
1569 1218 1748 1273 δοκεῖν

166 1299 356 1353 πάντα
386 1303 671 1369 κινεῖσθαι,
704 1305 906 1376 κόπρον
941 1308 1252 1378 ίχνεύμονος
1282 1308 1398 1378 ἅμα
1442 1312 1508 1381 τῇ
1559 1309 1745 1380 σιδηρ-

166 1391 472 1464 αγωγοὺσῃ
519 1394 649 1467 λίθῳ
676 1397 761 1450 ἐπ’
795 1397 1084 1470 ἀνθράκων
1119 1399 1470 1470 πυρουμένην
1493 1400 1560 1454 ⁸³.
1589 1439 1602 1454 .
1637 1440 1651 1454 .
1674 1439 1687 1454 .
1730 1439 1746 1455 .

3289 473 3429 536 3104

1933 855 2274 926 106-107
2315 854 2402 909 58.
2458 852 2654 908 Stella:
2696 860 2876 905 autem
2925 863 3186 919 apparere
3222 846 3430 903 faciunt

1859 945 2184 1000 thrissarum
2241 945 2322 999 vel
2357 944 2576 1014 hippuri
2609 957 2848 1012 squamae
2876 956 3013 1010 aqua
3059 955 3181 994 cum
3223 939 3426 1010 gummi

1853 1037 2039 1107 rigata:
2065 1046 2121 1090 et
2166 1035 2336 1090 allixae
2369 1036 2641 1090 lacuncari
2682 1049 2778 1104 per
2804 1032 3106 1087 intervalla.

1925 1221 2016 1276 39.
2074 1221 2255 1276 Terrae
2309 1231 2484 1276 motus
2529 1230 2709 1276 autem
2756 1218 2992 1290 speciem
3039 1216 3299 1280 cilicium,
3364 1225 3423 1268 ut

1856 1313 2144 1367 videantur
2195 1313 2375 1366 omnia
2432 1313 2676 1374 moveri,
2764 1319 2974 1365 stercus
3049 1309 3426 1363 ichneumonis

1854 1421 1976 1460 cum
2029 1404 2208 1474 lapide
2264 1403 2466 1458 ferrum
2517 1403 2827 1457 attrahente
2878 1401 2930 1456 in
2996 1399 3182 1469 prunis
3233 1400 3423 1452 incen-

1849 1507 2085 1548 sum.....

247 1609 323 1673 μ’.
360 1596 552 1677 Ἦπαρ
584 1607 645 1660 δέ
667 1607 857 1662 δοκοῦν
878 1609 895 1640 ¹
912 1609 1365 1681 ἐγγεγραμμένον
1383 1611 1692 1666 δεικνύουσι
1725 1629 1738 1644 ·

1925 1606 2014 1658 40.
2051 1603 2212 1658 Jecur
2242 1613 2418 1658 autem
2467 1605 2609 1673 quod
2643 1604 2889 1658 videatur
2933 1602 3255 1672 inscriptum
3304 1595 3426 1656 esse

162 1695 237 1763 τῇ
283 1695 384 1762 μὲν
431 1695 695 1769 ἀριστερᾷ
741 1700 884 1770 χειρὶ
921 1701 1214 1771 ἐπιγράφει
1264 1701 1292 1754 δ
1330 1701 1578 1771 βούλεται
1609 1702 1745 1773 πρὸς

1858 1694 2164 1746 ostendunt.
2225 1694 2473 1747 Sinistra:
2522 1692 2700 1744 manui
2755 1690 3000 1745 inscribit
3063 1692 3205 1758 quod
3272 1689 3421 1752 libet,

164 1784 271 1851 τὴν
310 1785 546 1839 πύστιν³
582 1789 980 1859 ἁρμοσάμενος,
1030 1791 1099 1844 τά
1131 1791 1186 1844 δὲ
1225 1793 1531 1862 γράμματα
1584 1795 1746 1863 κηκῖ-

1858 1797 2093 1855 aptatum
2138 1787 2204 1839 ad
2243 1786 2296 1839 id
2339 1787 2481 1855 quod
2530 1786 2818 1854 quaesitum
2863 1793 2967 1848 est,
3010 1783 3422 1837 litterae-autem

163 1848 260 1924 6'."
291 1874 388 1927 καὶ
415 1875 526 1940 δξει
563 1848 782 1948 δριμεῖδ
803 1848 1106 1950 γράφεται.
1149 1848 1396 1934 ’Ἐπέιτίί⁸
1426 1848 1749 1950 άνελόμέύος

1858 1878 1992 1947 galla
2023 1887 2076 1932 et
2103 1887 2258 1933 aceto
2283 1848 2396 1932 acri
2428 1848 2761 1932 scrihuntur.
2797 1875 3001 1928 Deinde
3042 1875 3310 1929 sublatum
3340 1875 3424 1943 je-

163 1969 230 2013 το
263 1958 422 2035 ἧπαρ
473 1968 866 2032 ἐπαναπαύσας
908 1971 974 2040 τῇ
1021 1971 1286 2041 ἀριστερᾷ
1332 1971 1656 2040 ἐγχρονίζει,
1690 1973 1749 2026 τὸ

1858 1989 1952 2027 cur
2005 1987 2099 2040 per
2153 1972 2369 2042 aliquod
2431 1979 2644 2038 tempus
2701 1969 2900 2022 retinet
2947 1967 3166 2022 sinistra
3236 1983 3420 2031 manu,

164 2054 226 2107 δὲ
267 2057 496 2126 σπᾷτδν
529 2057 698 2111 τύπον
727 2059 820 2113 καὶ
859 2059 934 2122 ὡς
964 2061 1274 2132 γεγράφθαι
1305 2061 1606 2132 νομίζεται.

1858 2063 1981 2118 illud
2040 2072 2216 2115 autem
2277 2061 2442 2116 trahit
2500 2069 2682 2130 typum
2753 2069 2808 2112 et
2868 2060 3023 2127 quasi
3104 2057 3421 2125 inscriptum

247 2268 364 2331 μα’.
395 2263 632 2333 Κρανίον
654 2264 710 2318 δέ
740 2264 956 2318 λαλεῖν⁸
984 2265 1077 2319 ἐπὶ
1100 2266 1207 2336 γῆς
1236 2266 1418 2330 θέντες
1446 2264 1750 2322 ἐπιτελοῦσι

165 2353 350 2423 τούτῳ
378 2355 456 2424 τῷ
499 2357 684 2428 τρόπῳ
704 2358 724 2390 ⁸
746 2375 761 2393 ·
799 2357 939 2411 Αὑτδ
985 2359 1082 2429 μέν
1114 2360 1404 2430 πεποίηται
1451 2360 1706 2413 ἐπιπλόου
1727 2360 1749 2392 ⁷

167 2446 377 2515 βοείου,
407 2449 784 2520 πεπλασμένον
809 2449 911 2523 [δέ]
929 2451 949 2482 ⁸
965 2452 1118 2522 κηρῷ
1135 2452 1460 2524 Τυρρηνικῷ
1481 2454 1572 2506 καὶ
1594 2452 1751 2524 γύψῳ

165 2540 634 2615 ἀναπεποιημένῃ
688 2544 1064 2612 περιτεθέντος
1119 2544 1212 2597 τοῦ
1269 2545 1466 2616 ὑμένος
1513 2547 1750 2615 ἔμφασιν

165 2631 400 2700 κρανίου
435 2633 783 2701 ἐνδείκνυται,
810 2634 838 2686 δ
868 2636 1000 2688 πᾶσι
1031 2634 1052 2664 ⁸
1079 2635 1259 2688 λαλεῖν
1300 2636 1447 2688 δοκεῖ
1468 2634 1748 2704 ἐνεργοῦν-

163 2738 264 2784 τος
295 2722 392 2774 τοῦ
428 2724 691 2794 ὀργάνου,
733 2726 854 2778 καθ’
893 2726 954 2778 ὂν
993 2727 1190 2797 τρόπον
1221 2728 1314 2778 καὶ
1345 2726 1436 2778 ἐπὶ
1463 2729 1573 2785 τοῖς
1595 2725 1750 2778 παισὶ

162 2813 586 2883 διηγησάμεθα·
620 2816 850 2884 γεράνου
880 2816 912 2886 ἦ
956 2833 1102 2878 τινος
1139 2815 1381 2868 τοιούτου
1426 2832 1741 2885 μακροτρα-

163 2904 342 2973 χήλου
372 2904 508 2969 ζὼου
527 2905 782 2978 φάρυγγα
813 2906 1106 2970 σκευάσας,
1130 2907 1386 2976 προσθεὶς
1420 2907 1497 2974 τῷ
1538 2905 1746 2976 κρανίῳ

163 2995 478 3068 λεληθότως
514 3000 542 3050 ό
613 2999 964 3069 συμπαίικτης
1005 2998 1040 3052 ἃ.
1097 2998 1240 3051 θέλει
1293 2997 1612 3066 φθέγγεται.
1685 2996 1749 3047 Ὃ

165 3089 315 3144 ἐπάν
342 3091 385 3122 ¹⁰
416 3091 618 3159 ἀφανές
659 3090 913 3159 γενέσθαι
967 3089 1096 3161 θέλῃ
1118 3091 1192 3155 ¹¹,
1225 3089 1512 3160 ἀνθράκων
1548 3087 1750 3156 πλῆθος

1849 2157 2082 2211 videtur.

1920 2269 2010 2322 ΑΙ.
2047 2267 2303 2322 Cranium
2327 2278 2504 2320 autem
2534 2265 2678 2335 loqui
2708 2265 2941 2333 positum
2965 2265 3015 2316 in
3051 2272 3191 2315 terra
3225 2261 3422 2314 faciunt

1850 2359 1904 2414 in
1957 2359 2102 2413 hunc
2152 2358 2367 2412 modum
2405 2355 2622 2426 :lpsnm
2654 2356 2903 2425 .quidem
2979 2353 3175 2408 factum
3229 2359 3310 2406 est
3355 2364 3419 2403 ex

1851 2459 2074 2506 omento
2129 2449 2360 2515 bovino,
2415 2449 2702 2516 ﬁguratum
2751 2456 2926 2500 autem
2978 2460 3104 2499 cera
3155 2443 3328 2496 Tusca
3368 2450 3422 2496 et

1851 2560 2020 2616 gypso
2087 2555 2382 2614 apparata,
2451 2542 2842 2598 circumvoluto
2906 2539 3139 2610 tegmine
3189 2536 3419 2606 speciem

1851 2637 2019 2690 crauii
2047 2651 2156 2704 pra:
2184 2651 2242 2689 se
2267 2635 2391 2701 fert,
2425 2636 2567 2705 quod
2600 2635 2852 2688 omnibus
2885 2631 3027 2700 loqui
3058 2630 3268 2683 videtur
3289 2642 3424 2695 ope-

1850 2731 2008 2775 rente
2039 2722 2420 2785 instrumento,
2450 2721 2903 2791 quemadmodum
2935 2720 3099 2774 etiam
3141 2718 3206 2771 de
3242 2715 3424 2785 pueris

1849 2828 2010 2881 Supra
2054 2815 2425 2882 exposuimus.
2473 2813 2637 2868 Gruis
2665 2813 2747 2867 vel
2785 2811 3014 2880 alicujus
3051 2811 3172 2865 talis
3198 2823 3420 2878 procero

1849 2905 1988 2958 collo
2040 2906 2319 2960 instructa:
2353 2906 2471 2960 avis
2500 2914 2716 2974 gutture
2745 2912 3003 2974 apparato
3045 2915 3216 2971 eoque
3252 2915 3418 2968 appo-

1849 2997 1951 3049 sito
1984 2997 2048 3049 ad
2081 2998 2324 3049 cranium
2355 2997 2585 3050 latenter
2611 2996 2848 3049 cullusor
2877 3010 2996 3064 qua:
3021 2994 3130 3046 vult
3159 2991 3417 3060 loquitur.

1850 3087 2004 3152 Quod
2055 3088 2142 3141 uhi
2179 3103 2508 3143 evanescere
2549 3086 2680 3151 vult,
2733 3101 3026 3156 prunarum
3077 3099 3268 3139 acervo
3313 3083 3420 3135 cir-

163 3179 362 3250 κύκλῳ
410 3181 656 3250 περιθεὶς
712 3179 787 3244 ὡς
853 3181 1062 3251 θυμιῶν
1124 3180 1468 3250 ἐμφαίνεται,
1519 3171 1593 3230 ὧν
1648 3177 1748 3245 τῆς

1858 3181 2151 3249 cumposito
2203 3189 2457 3251 tanquam
2513 3180 2831 3234 thurilicans
2892 3187 3136 3247 apparet,
3188 3190 3417 3244 quarum

166 3268 390 3340 θέρμης
446 3273 472 3324 ό
529 3273 694 3341 κηρὸς
749 3271 1285 3342 ἀντιλαμϐανόμενος
1376 3270 1585 3335 λύεται,
1651 3267 1747 3319 καὶ

163 3361 348 3424 οὑτως
380 3363 586 3430 ἀφανὲς
613 3363 672 3415 τὸ
697 3363 920 3434 κρανίον
953 3363 1234 3431 γεγονέναι
1268 3363 1566 3433 νομίζεται.

249 3451 362 3522 μβ’.
401 3452 584 3504 Ταῦτα
617 3453 805 3522 μάγων
857 3440 992 3524 ἔργα
1024 3453 1119 3506 καὶ
1158 3453 1336 3506 τοιάδε
1381 3455 1568 3524 μυρία,
1616 3454 1651 3508 ἃ
1683 3456 1746 3524 τῇ

163 3539 280 3592 τῶν
321 3539 468 3592 ἐπῶν
499 3543 812 3613 συμμετρίᾳ
831 3543 926 3595 καὶ
968 3543 1077 3595 τῶν
1113 3543 1439 3608 ἀξιοπίστως
1468 3546 1508 3576 ¹¹
1539 3545 1751 3615 δρωμέ-

164 3649 279 3684 νων
304 3631 481 3703 ἔργων
519 3636 790 3704 φαντασίξι
859 3635 1037 3688 πείθει
1084 3638 1209 3699 τοὺς
1243 3636 1484 3706 ἄφρονας
1506 3654 1519 3668 ο
1545 3635 1620 3690 ὧν
1653 3637 1750 3708 τὴν

165 3724 370 3793 τέχνην
424 3725 866 3794 καταπλαγέντες
912 3729 960 3780 οἱ
996 3728 1347 3797 αίρεσιάρχαι
1383 3730 1748 3798 ἐμιμήσαντο,

165 3815 233 3867 τὸ
283 3815 383 3886 μὲν
431 3817 486 3869 ἐν
542 3818 844 3888 ἀποκρύφῳ
873 3819 969 3872 καὶ
1011 3819 1188 3889 σκότῳ
1249 3819 1636 3888 παραδιδόντες
1683 3818 1752 3871 τὰ

164 3905 499 3976 δοκούμενα,
557 3908 625 3961 τά
688 3909 746 3962 δὲ
803 3910 898 3962 καὶ
949 3907 1417 3979 παραιφράζοντες
1465 3908 1538 3970 ὡς
1605 3909 1746 3960 ίδια·

168 3995 364 4050 τούτου
423 3997 586 4070 χάριν
643 3999 954 4070 ὑπομνῆσαι
1010 3999 1254 4061 θέλοντες
1334 3999 1460 4062 τοὺς
1525 3997 1752 4061 πολλοὺς

171 4091 590 4161 περιεργότεροι
613 4091 948 4161 ἐγενήθημεν
979 4091 1021 4122 ⁸³
1066 4090 1200 4161 πρὸς
1223 4090 1283 4143 τὸ
1321 4091 1394 4161 μὴ
1431 4089 1752 4143 καταλιπεῖν

169 4196 296 4232 τινα
325 4183 490 4233 τόπον
515 4180 557 4212 ⁸⁵
585 4183 696 4244 τοῖς
727 4180 966 4233 ἐθέλουσι
995 4179 1299 4233 πλανᾶσθαι
1330 4196 1343 4210 ·
1364 4178 1752 4250 ἀπηνέχθημεν

168 4271 231 4325 δέ
276 4272 378 4325 οὑκ
434 4273 644 4342 ἀλόγως
689 4273 769 4336 εἷς
804 4291 927 4326 τινα
973 4273 1082 4325 τῶν
1141 4273 1334 4342 μάγων
1378 4272 1689 4343 ἀπόρρητα,
1716 4269 1751 4324 ἃ

173 4363 314 4432 πρὸς
351 4363 451 4430 μὲν
505 4362 568 4416 τὸ
626 4364 991 4432 προκείμενον
1025 4363 1086 4414 οὑ
1149 4363 1290 4417 πάνυ
1343 4363 1620 4430 ἀναγκαῖα
1659 4359 1748 4432 ἦν,

172 4453 313 4523 πρὸς
338 4452 402 4504 δέ
434 4452 495 4504 τὸ
527 4451 896 4520 φυλάσσεσθαι
924 4451 1022 4523 τὴν
1073 4455 1182 4506 τῶν
1230 4452 1419 4523 μάγων
1445 4452 1752 4524 πανοῦργον

1851 3271 2083 3324 calorem
2121 3287 2242 3324 cum
2277 3271 2505 3340 arripuit
2538 3287 2661 3324 cera
2692 3271 2963 3339 liquescit,
2993 3279 3046 3324 et
3071 3269 3145 3322 ita
3175 3267 3420 3322 cranittm

1850 3365 2137 3418 evanuisse
2165 3367 2422 3418 creditur.

1921 3453 2011 3507 Ω.
2069 3453 2192 3508 Hazc
2233 3469 2510 3524 magorum
2544 3469 2708 3523 opera
2751 3463 2805 3508 ct
2839 3453 2959 3506 talia
2989 3462 3264 3516 sexcenta,
3304 3464 3424 3518 quae

1850 3549 2138 3599 verborum
2170 3540 2521 3616 congruentia
2550 3557 2604 3600 et
2632 3560 2753 3599 cum
2785 3548 2887 3600 lide
2912 3544 3174 3598 factorum
3200 3557 3419 3612 operum

1853 3640 2030 3705 specie
2063 3640 2340 3693 deleniunt
2383 3637 2684 3705 imperitos.
2735 3635 2975 3702 Quorum
3013 3645 3183 3688 artem
3235 3633 3422 3686 obstu-

1853 3730 2046 3796 pefacti
2075 3730 2450 3782 hzeresiarchrc
2483 3725 2674 3779 imitati
2697 3735 2840 3790 sunt,
2864 3726 3056 3792 partim
3091 3725 3140 3776 in
3174 3724 3421 3778 abstruso

1853 3829 1906 3874 et
1937 3821 2173 3874 obscuro
2236 3822 2509 3874 tradentes
2559 3818 2776 3885 placita,
2826 3817 3020 3884 partim
3065 3816 3224 3870 etiam
3265 3829 3423 3868 exor-

1855 3921 2046 3964 nantes
2072 3919 2328 3980 tanquam
2364 3924 2480 3963 sua.
2511 3908 2680 3972 Quam
2705 3907 2773 3961 ob
2806 3921 3026 3959 causam
3058 3920 3162 3974 quo
3186 3918 3423 3958 commo-

1854 4000 2230 4054 nel‘aceremus
2275 3999 2465 4067 vulgus
2519 3999 2841 4052 laboriosius
2889 3999 3004 4050 haec
3051 3995 3420 4064 exposuimus,

1853 4107 1921 4145 ne
1960 4092 2124 4145 ullum
2176 4093 2602 4159 relinqueremus
2644 4090 2840 4153 locum,
2890 4089 2932 4142 si
2966 4089 3055 4158 qui
3112 4087 3308 4140 vellent
3344 4101 3425 4140 se-

1855 4184 1999 4239 duci.
2041 4183 2211 4237 Delati
2243 4194 2422 4236 autem
2457 4197 2644 4235 sumus
2671 4197 2775 4234 non
2804 4182 3172 4249 imprudenter
3203 4179 3253 4230 in
3281 4191 3426 4246 (ιιιιικ

1854 4272 1975 4326 dam
2011 4287 2286 4340 magorum
2312 4286 2530 4333 arcana,
2567 4285 2685 4339 qua:
2717 4271 2768 4322 in
2800 4284 2916 4322 rem
2952 4269 3164 4336 quidem
3191 4279 3426 4335 prmscn-

1857 4371 1964 4416 tem
1996 4378 2100 4416 non
2145 4363 2432 4415 admodum
2464 4361 2768 4416 necessaria
2817 4369 2991 4422 erant,
3026 4358 3091 4412 ad
3131 4357 3425 4412 cavendam

1856 4463 2035 4507 autem
2074 4468 2352 4523 magorum
2389 4452 2633 4507 fallacem
2675 4461 2729 4505 et
2772 4453 3006 4520 ineptam
3050 4460 3220 4502 artem
3275 4448 3427 4500 utilia

171 4544 268 4597 καὶ
312 4544 357 4574 ³⁸
414 4542 714 4596 ἀσύστατον
774 4543 972 4613 τέχνην
1021 4543 1298 4616 εὔχρηστα
1360 4545 1638 4615 ἐνομίζετο
1685 4546 1749 4600 ¹⁶.

1859 4542 2200 4599 videbantur.
2253 4543 2542 4612 Postquam
2591 4545 2774 4614 igitur,
2840 4551 2898 4596 ut
2949 4542 3181 4604 videtur,
3229 4539 3426 4608 placita

172 4635 333 4688 Ἐπεὶ
388 4636 587 4701 τοίνυν,
627 4636 704 4698 ὼς
747 4637 965 4689 είκάσαι
998 4635 1134 4702 ἐστι,
1189 4637 1286 4699 τὰς
1343 4638 1562 4690 πάντων
1591 4637 1750 4702 δόξας

172 4723 510 4794 ἐξεθέμεθα,
563 4725 766 4794 πολλὴν
813 4726 1070 4797 φροντίδα
1124 4728 1445 4796 ποιήσαντες
1502 4727 1638 4798 πρὸς
1691 4727 1752 4780 τὸ

171 4814 498 4885 φανερῶσαι
556 4814 628 4868 τά
678 4816 754 4878 ὡς
809 4814 936 4880 ξένα
996 4817 1101 4870 ὑπὸ
1146 4817 1255 4870 τῶν
1286 4819 1326 4849 ¹⁷
1384 4819 1752 4890 αίρεσιαρχῶν

170 4905 583 4976 ἐπεισαγόμενα
603 4907 737 4978 πρὸς
751 4908 826 4980 [p.
842 4910 929 4964 76.
950 4910 1039 4983 ’77]
1058 4910 1370 4963 θεοσέϐειαν
1386 4911 1516 4964 δντα
1544 4911 1750 4980 μάταια

169 5000 270 5052 καὶ
284 4998 443 5061 νόθα,
460 5000 580 5052 οὑδέ
594 5002 649 5053 ὲν
666 5003 845 5064 αὑτοῖς
863 5001 992 5065 ἴσως
1012 5003 1053 5034 ³⁸
1070 5003 1196 5066 ἄξια
1214 5003 1374 5070 λόγου
1389 5003 1748 5072 τυγχάνοντα,

169 5090 326 5142 δοκεῖ
375 5088 466 5142 διὰ
495 5091 758 5161 συντόμου
792 5092 952 5160 λόγου
992 5093 1407 5164 ὑπομνησθῆναι
1441 5095 1748 5162 κεφαλαιω-

169 5180 280 5246 δῶς
309 5182 380 5235 τά
405 5183 798 5254 προειρημένα.

245 5279 364 5345 μγν.
419 5273 558 5327 Πᾱσι
593 5277 702 5338 τοῖς
757 5276 894 5329 κατὰ
941 5277 1040 5348 τὴν
1067 5276 1395 5347 οἰκουμένην
1445 5273 1757 5345 φιλοσόφοις

1857 4638 2233 4692 universorum
2281 4639 2655 4706 exposuimus,
2689 4635 2852 4688 multa
2899 4635 3138 4687 adhibita
3176 4647 3306 4684 cura
3361 4630 3428 4683 ad

1862 4729 2242 4782 illustrandum
2266 4743 2384 4781 esse
2411 4743 2495 4792 ea,
2535 4743 2653 4794 qtae
2684 4735 2936 4792 tanquam
2971 4739 3103 4774 nova
3146 4723 3212 4774 ah
3256 4713 3429 4774 lmre-

1858 4819 2088 4873 siarchis
2117 4819 2324 4872 invecta
2351 4828 2495 4883 sunt,
2527 4831 2660 4870 vana
2693 4817 2758 4868 ad
2792 4816 3042 4884 pietatem
3081 4810 3432 4881 108-109

1861 4920 1915 4965 et
1947 4910 2246 4964 adulterina
2280 4924 2507 4977 qumque
2539 4925 2603 4962 ne
2631 4909 2769 4961 inter
2794 4908 2936 4976 ipsos
2964 4907 3177 4974 quidem
3201 4904 3431 4955 fortasse

1863 5003 1915 5056 in
1953 5002 2132 5070 aliquo
2163 5001 2364 5054 honore
2404 5001 2727 5062 habeantur,
2775 5000 2950 5064 placet
2999 4996 3144 5050 brevi
3183 5009 3431 5048 sermone

1864 5093 1916 5146 iu
1947 5107 2116 5160 pauca
2151 5091 2399 5144 Conferre
2428 5105 2544 5159 quae
2577 5105 2735 5160 supra
2771 5089 2913 5143 dicta
2949 5099 3089 5142 sunt.

1939 5276 2027 5331 45.
2062 5275 2380 5346 Quicunque
2415 5274 2615 5343 ubique
2642 5272 2721 5328 vel
2751 5270 3052 5342 philosophi
3081 5267 3160 5324 vel
3194 5267 3431 5342 theologi

1467 5428 1700 5484 VARIAE
1735 5428 2138 5486 LECTIO'NES.

273 5549 324 5581 ⁸⁸
358 5548 618 5618 παρέχειν
663 5547 723 5601 C.
799 5546 844 5579 ⁹⁶
873 5550 1001 5618 τοῖς.
1039 5547 1133 5618 καὶ
1167 5549 1281 5618 τοῖς
1305 5545 1366 5601 C.

176 5611 457 5674 nmmulla
485 5611 798 5672 eicideruut
840 5616 907 5671 M.
992 5619 1006 5649 ¹
1047 5617 1219 5670 δοκεῖν
1258 5617 1297 5669 C
1323 5657 1334 5673 .
1373 5615 1446 5670 M.
1513 5611 1749 5683 Γπύστητ

177 5690 200 5720 ³
225 5689 419 5749 τρόπῳ
443 5689 573 5740 αὐτὸ
625 5689 720 5749 μὲν
750 5703 858 5742 om.
890 5703 970 5749 pr.
1005 5688 1064 5742 C.
1177 5688 1196 5718 "
1217 5686 1473 5749 ἐπίπλοος
1490 5687 1550 5739 C.
1627 5687 1648 5718 ⁸
1678 5686 1732 5738 δέ

1860 5613 1863 5616 ’
1937 5611 2126 5668 ³κικίδι
2157 5614 2216 5667 C.
2291 5615 2313 5644 ⁸
2342 5612 2526 5683 δριμεῖ
2563 5629 2670 5666 om.
2707 5628 2787 5677 pr.
2824 5611 2885 5664 C.

1868 5728 1878 5739 .
1906 5683 1974 5737 Μ.
2065 5685 2084 5715 ⁸
2118 5686 2272 5737 πᾶσι.
2298 5685 2430 5749 φασὶ
2461 5685 2522 5737 (ἶ.
2604 5684 2646 5713 ¹⁰
2681 5683 2744 5734 Ὃ
2775 5685 2879 5734 ἐπα

1295 5704 1473 5740 ἐττΛοοζ
1490 5704 1550 5739 [ι.
1627 5704 1648 5718 ⁹
1678 5704 1732 5738 οε
1759 5704 1878 5740 auu.
1906 5704 1974 5737 Μ.

177 5690 200 5720 ³
225 5689 419 5758 τρόπῳ
443 5689 575 5758 αὑτὸ
625 5689 720 5758 μέν
750 5703 858 5742 om.
890 5703 970 5758 pr.
1005 5688 1064 5742 C.

183 5756 431 5826 margine
470 5756 718 5812 ConM.
835 5759 875 5789 “
910 5757 1051 5810 θέλει
1097 5758 1160 5814 (ἶ.
1241 5760 1282 5790 ¹¹
1325 5756 1651 5812 ἀξιοπίστων
1695 5757 1754 5810 C.

1459 5547 1502 5578 ⁸⁷
1528 5545 1561 5617 ἢ
1592 5546 1879 5617 ἱππούρου.
1919 5544 2194 5617 ἱππούρου
2225 5543 2301 5617 C.
2347 5543 2413 5617 _"
2441 5543 2654 5617 κόμεως
2681 5542 2739 5596 C.
2829 5541 2876 5617 ’_”
2905 5540 3044 5617 Pnst‘
3083 5543 3433 5617 πυρουμένην

2976 5606 3224 5664 ⁸λαλοῦν
3255 5606 3294 5665 C
3314 5653 3325 5667 .
3363 5606 3431 5665 lli.

2065 5685 2084 5715 ⁸
2118 5686 2272 5737 πᾶσι.
2298 5685 2430 5750 φασὶ
2461 5685 2522 5737 (ἶ.
2604 5684 2646 5713 ¹⁰
2681 5683 2744 5734 Ὃ
2775 5685 2920 5752 ἐπαν
2945 5712 3001 5720 --
3048 5683 3326 5752 νομίζεται
3380 5686 3433 5735 in

1859 5757 1900 5786 ¹³
1928 5752 2298 5823 εγεννήθημεν
2326 5754 2387 5807 C.
2472 5757 2511 5784 “
2545 5752 2744 5824 τρόπον
2770 5751 2844 5820 C,
2881 5751 2950 5806 Μ.
3032 5754 3072 5783 ¹⁶
3104 5751 3196 5808 καὶ
3240 5752 3334 5824 τὴν
3369 5755 3428 5806 (Σ.

187 5827 230 5858 ⁸⁸
261 5824 562 5897 ἐνομίζετο.
599 5825 801 5896 νομίζει
831 5826 892 5893 C,
928 5828 1127 5897 νομίζω
1160 5828 1226 5884 Μ.
1307 5828 1344 5859 "
1376 5827 1594 5881 ἐπὶτῶν
1625 5828 1684 5882 Ο.
1765 5828 1802 5858 ιδ
1839 5824 1986 5888 ἴσως.
2015 5824 2178 5886 οἴσεις
2198 5824 2260 5877 C.
