4002 6554
608 500 753 566 3H5

2095 495 2465 555 ORIGENIS

3712 491 3835 557 3105

610 620 977 688 quaesiverunt
1021 631 1127 669 non
1169 613 1463 667 conciuunt
1504 584 1570 665 de
1615 611 1741 671 Deo.
1785 608 1911 678 quid
1977 609 2049 663 sit
2097 617 2181 662 aut

2290 610 2384 662 καὶ
2425 608 2697 678 θεολόγοις
2745 609 3048 683 ζητήσασιν
3091 613 3155 665 οὺ
3192 609 3537 681 συνεφώνησε
3587 612 3714 680 περὶ
3758 610 3836 663 τοῦ

614 710 811 780 qualis.
844 708 947 762 Alii
990 707 1134 762 enim
1164 704 1355 760 dicunt
1383 718 1505 759 esse
1546 704 1750 773 ignem,
1790 701 1878 756 alii
1907 701 2184 771 spiritum,

612 800 703 854 alii
743 812 962 868 aquam,
1016 795 1107 850 alii
1150 794 1388 863 denique
1438 802 1663 846 terrain.
1717 789 1946 861 Singula
2001 801 2182 845 autem

619 893 887 945 elementa
932 888 1111 959 aliqua
1135 902 1203 942 ex
1242 896 1395 957 parte
1424 884 1702 951 deliciunt,
1743 883 2085 952 alterumque
2118 883 2185 938 ab

613 985 784 1038 altero
804 993 1115 1052 superatur.
1155 981 1273 1034 Hoc
1298 986 1480 1033 autem
1526 976 1725 1032 accidit
1756 975 1939 1030 mundi
1970 974 2187 1044 sapien-

621 1074 788 1139 tibus,
827 1072 878 1126 id
908 1071 1051 1142 quod
1073 1066 1572 1139 intelligentissimo
1603 1066 1804 1136 cuique
1834 1064 2184 1119 manifestum

621 1171 724 1228 est,
767 1170 827 1217 ut
867 1163 1174 1232 conspectis
1224 1160 1411 1216 mundi
1445 1158 1851 1214 summitatibus
1896 1157 1951 1211 in
2000 1171 2182 1212 rerum

616 1266 809 1311 natura
845 1253 1320 1318 conturbarentur,
1351 1250 1559 1319 majora
1593 1250 1709 1304 haec
1743 1248 1990 1302 arbitrati
2017 1262 2181 1317 quam

613 1361 733 1412 quae
763 1347 829 1403 ab
856 1346 1027 1400 altero
1054 1344 1463 1413 generationem
1494 1342 1819 1411 reciperent,
1864 1352 1917 1395 et
1945 1356 2013 1395 ne
2046 1355 2183 1395 con-

608 1442 852 1509 junctum
884 1436 1100 1507 quidem
1126 1437 1439 1491 universum
1480 1435 1652 1505 ipsum
1680 1449 1805 1490 esse
1851 1435 2041 1488 Deum.
2079 1433 2184 1487 De-

613 1530 955 1585 claraverunt
1016 1537 1196 1582 autem
1265 1525 1592 1597 principium
1642 1524 1899 1581 doctrina;
1954 1528 2022 1579 de
2075 1522 2184 1578 Deo

614 1608 775 1676 unam
817 1633 1000 1675 rerum
1032 1618 1149 1672 visu
1182 1627 1581 1688 perceptarum,
1638 1630 1760 1671 cum
1793 1616 2025 1684 quisque
2068 1624 2183 1670 sta-

613 1718 787 1762 meret
810 1706 1171 1777 quodcunque
1197 1715 1458 1774 praestare
1487 1704 1835 1771 opinabatur,
1863 1711 1918 1757 et
1950 1702 2025 1756 ita
2054 1716 2179 1756 cum

610 1798 796 1854 oculos
826 1797 1078 1853 ﬂxissent
1104 1797 1155 1851 in
1189 1797 1278 1859 iis,
1307 1811 1427 1863 quae
1459 1811 1488 1849 a
1519 1794 1629 1851 Deo
1660 1805 1841 1850 creata
1874 1804 2001 1850 sunt
2028 1809 2181 1862 quaa-

608 1905 719 1960 que
746 1890 814 1944 ad
844 1888 988 1942 illius
1029 1896 1443 1956 exsuperantem
1496 1886 1916 1956 magnitudinem
1958 1886 2178 1941 minima

2286 699 2443 767 Θεοῦ,
2472 702 2528 753 τί
2560 702 2710 755 ἐστιν
2749 700 2784 773 ἢ
2814 702 3072 767 ποδαπός.
3103 703 3167 755 Oi
3213 703 3314 773 μὲν
3341 703 3449 773 γὰρ
3478 701 3641 755 αὐτὸν
3665 700 3836 768 λεγου·

2287 807 2372 845 σιν
2406 786 2548 843 εἶναι
2581 791 2714 863 πῦρ,
2745 792 2795 846 oi
2824 791 2882 845 δέ
2923 790 3164 862 πνεῦμα,
3213 792 3262 846 oi
3306 792 3364 845 δέ
3398 790 3567 858 ὕδωρ,
3599 790 3767 861 ἕτεροι
3790 789 3836 842 δὲ

2283 882 2411 952 γῆν.
2443 882 2712 959 έΕκαστον
2730 882 2789 937 δέ
2811 882 2924 938 τῶν
2942 883 3227 954 στοιχείων
3245 883 3465 937 ἔλαττόν
3483 883 3527 914 "
3550 900 3604 935 τι
3626 882 3729 950 ἔχει
3757 881 3835 933 καὶ

2283 974 2471 1045 ἓτερον
2525 975 2631 1029 ὑπὸ
2682 974 2777 1029 τοῦ
2810 976 3001 1046 ἐτέρου
3056 977 3307 1047 ἡττᾶται.
3366 973 3540 1028 Τοῦτο
3572 974 3630 1027 δέ
3664 972 3830 1043 συνέϐη

2281 1066 2395 1127 τοῖς
2428 1063 2522 1117 τοῦ
2553 1065 2759 1135 κόσμου
2793 1068 2997 1134 σοφοῖς,
3051 1065 3191 1137 ὅπερ
3220 1065 3339 1118 ἐστὶ
3369 1068 3481 1127 τοῖς
3520 1064 3649 1117 νοῦν
3678 1062 3831 1131 ἔχουσι

2285 1156 2572 1227 πρόδηλον,
2603 1156 2685 1211 ὃτι
2708 1159 2755 1188 ⁸⁵
2781 1158 2982 1221 ἰδόντες
3003 1158 3103 1229 τῆς
3141 1157 3375 1219 κτίσεως
3404 1156 3473 1209 τά
3518 1154 3725 1226 μεγέθη
3756 1156 3831 1207 ἐπὶ

2281 1250 2350 1320 τῇ
2378 1247 2488 1300 τῶν
2525 1248 2697 1301 ὅντων
2749 1249 2909 1321 οὐσίᾳ
2947 1248 3353 1320 ἐταράχθησαν.
3410 1249 3637 1319 μείζονα
3687 1244 3831 1298 ταῦτα

2283 1343 2605 1414 νομίσαντες
2654 1343 2750 1397 τοῦ
2809 1342 2900 1412 ὑφ’
2970 1342 3160 1415 ἐτέρου
3232 1343 3445 1410 γένεσιν
3510 1338 3832 1405 ἐπιδέξασθαι

2282 1436 2563 1499 δύνασθαι,
2622 1436 2717 1489 καὶ
2746 1435 2868 1489 οὐδὲ
2910 1434 3046 1506 όμοῦ
3075 1435 3138 1488 τὸ
3179 1434 3401 1504 σύμπαν
3432 1434 3563 1487 αὐτὸ
3608 1427 3831 1486 εἶναιτὸν

2282 1525 2435 1579 Θεόν.
2478 1525 2791 1597 ’Δπέφηναν
2826 1526 2885 1579 δὲ
2914 1526 2976 1579 τδ
3001 1526 3047 1558 ¹¹
3093 1525 3270 1580 αἴτιον
3310 1524 3448 1596 πρὸς
3494 1523 3764 1591 θεολογίαν
3787 1522 3832 1574 ἓν

2281 1614 2392 1669 τῶν
2426 1612 2799 1686 βλεπομένων,
2856 1616 3088 1688 νομίσας
3109 1618 3155 1650 ¹¹
3193 1634 3280 1681 τις
3315 1619 3454 1689 ὅπερ
3506 1617 3715 1687 ἔκρινε,
3758 1617 3834 1668 καὶ

2281 1706 2457 1771 οὕτως
2486 1708 2579 1761 ἐπὶ
2616 1710 2731 1772 τοῖς
2774 1708 2880 1763 ύπδ
2920 1709 3056 1763 Θεοῦ
3092 1710 3409 1781 γενομένοις
3454 1712 3549 1763 καὶ
3592 1708 3833 1778 inarari-:1

2281 1799 2494 1852 ἐκείνου
2555 1799 3005 1871 ὑπερϐάλλουσαν
3073 1802 3474 1873 μεγαλειότητα
3551 1800 3833 1871 ἐλαχίστοις

2282 1891 2619 1962 ὑπάρχουσιν
2644 1892 2927 1959 ἐνιδόντες,
2961 1893 2971 1965 Ι
3006 1902 3081 1965 μη
3097 1893 3421 1964 δυνηθέντες
3437 1893 3494 1947 δέ
3516 1894 3599 1958 εις
3620 1893 3683 1946 τδ
3696 1893 3830 1962 μέτε·

612 1989 856 2048 exstant,
888 1994 996 2034 non
1047 1988 1270 2049 possent
1314 1989 1493 2034 autem
1524 1980 1577 2033 in
1612 1978 2039 2048 magnitudinem
2068 1979 2181 2031 veri

2285 1982 2377 2045 θος
2435 1981 2527 2036 τοῦ
2575 1982 2745 2047 ὅντως
2767 1982 2816 2014 ’³
2852 1982 2988 2036 Θεοῦ
3048 1984 3287 2037 ἐκτεῖναι
3335 1984 3431 2037 τὸν
3474 1982 3628 2048 νοῦν,
3682 1980 3831 2035 ταῦτα

617 2076 709 2128 Dei
735 2072 1032 2128 extendere
1074 2081 1330 2133 mentem,
1359 2072 1473 2125 haec
1520 2070 1574 2124 in
1623 2069 1715 2124 Dei
1745 2070 1919 2123 locum
1953 2067 2182 2124 suﬂece-

616 2175 761 2219 runt.
793 2162 973 2218 Persa:
1000 2172 1180 2217 autem
1216 2161 1464 2216 arbitrati
1511 2176 1571 2215 se
1610 2161 1663 2214 in
1700 2161 2000 2231 penetralia
2036 2159 2184 2215 veri.

615 2256 742 2311 tatis
768 2269 1088 2325 progressos
1117 2268 1258 2319 esse,
1291 2253 1546 2309 dicebant
1590 2253 1758 2307 Deum
1786 2252 2178 2320 esselucidum,

614 2353 787 2403 lucem
819 2349 873 2402 in
901 2361 1030 2402 aere
1056 2353 1390 2401 contentam.
1408 2344 1687 2414 Babylonii
1722 2333 1904 2400 autem
1930 2346 2183 2401 dicebant

613 2439 781 2494 Deum
821 2452 941 2494 esse
985 2436 1410 2503 tenebricosum,
1456 2435 1599 2504 quod
1641 2445 1696 2489 et
1742 2435 1916 2504 ipsum
1956 2435 2181 2491 alterius

612 2531 755 2585 illius
786 2544 1124 2598 consequens
1152 2530 1398 2594 videtur;
1429 2537 1641 2583 noctem
1665 2528 1805 2583 enim
1833 2526 2182 2598 subsequitur

611 2624 747 2688 dies,
780 2622 921 2678 diem
949 2631 1127 2675 autem
1180 2635 1308 2675 nox.
1343 2618 1583 2690 Egyptii
1623 2629 1803 2673 autem
1835 2620 2075 2674 omnium
2120 2635 2180 2678 se

607 2729 730 2769 esse
784 2712 1194 2782 antiquissimos
1247 2711 1350 2766 rati
1400 2713 1636 2766 divinam
1684 2713 1908 2767 vim.....
1953 2727 2177 2780 compu—

612 2813 789 2860 tantes
848 2804 946 2859 bas
993 2804 1280 2858 distantias
1330 2804 1563 2873 partium
1611 2818 1678 2858 ex
1747 2803 1930 2859 divino
1992 2803 2178 2858 afﬂatu

610 2896 866 2949 dixerunt
910 2891 1079 2947 Deum
1121 2908 1241 2948 esse
1276 2893 1558 2947 monadem
1605 2893 1886 2950 indivisam
1920 2903 1975 2948 et
2003 2894 2178 2964 ipsam

610 2990 782 3037 semet
838 2990 1216 3052 generantem,
1255 2997 1323 3036 ex
1382 2996 1558 3046 eaque
1614 2983 1795 3038 omnia
1842 2982 2177 3038 constitisse.

613 3073 736 3128 llscc
773 3074 941 3137 enim,
978 3074 1179 3144 inquit,
1211 3089 1335 3129 cum
1367 3073 1482 3143 ipsa
1527 3089 1633 3130 non
1669 3085 1923 3144 generata
1958 3075 2047 3143 sit,
2079 3090 2178 3130 nu-

618 3180 796 3220 meros
832 3166 1088 3235 deinceps
1118 3177 1365 3234 generat,
1394 3167 1555 3220 veluti
1589 3168 1654 3220 ad
1685 3183 1742 3222 se
1775 3183 1964 3224 monas
1993 3183 2180 3238 super-

609 3256 792 3310 addita
852 3263 1080 3323 generat
1137 3256 1363 3326 dyadem
1429 3266 1482 3309 et
1537 3257 1787 3312 similiter
1834 3258 2176 3326 superaddita

609 3355 833 3417 generat
856 3320 1103 3401 —triadem
1154 3320 1209 3401 et
1254 3348 1519 3401 tetradem
1570 3362 1742 3419 usque
1782 3349 1848 3404 ad
1900 3320 2175 3416 decadem,
2204 3320 2246 3378 δ

610 3454 733 3509 quae
756 3437 975 3508 quidem
1006 3438 1330 3507 principium
1359 3449 1411 3494 et
1436 3438 1560 3494 linis
1592 3455 1941 3495 numerorum
1969 3450 2071 3504 est.
2105 3442 2177 3496 ita

612 3540 669 3582 nt
698 3530 928 3585 exsistat
948 3529 1120 3599 prima
1157 3539 1212 3584 et
1243 3531 1452 3586 decima
1488 3547 1698 3598 monas,
1728 3543 2009 3603 propterea
2036 3534 2177 3602 quod

609 3621 771 3676 etiam
800 3620 964 3676 decas
980 3620 1225 3676 eamdem
1252 3631 1573 3692 potestatem
1597 3624 1760 3679 habet
1786 3633 1840 3677 et
1867 3632 2181 3680 numeratur

611 3728 710 3781 pro
737 3712 987 3778 monade,
1015 3722 1071 3768 et
1104 3714 1218 3769 haec
1239 3713 1417 3769 decies
1439 3724 1649 3783 sumpta
1663 3715 2179 3772 evadethecatontas

610 3816 665 3858 et
707 3819 897 3860 rursus
931 3804 992 3857 tit
1038 3818 1251 3869 mones,
1294 3814 1349 3859 et
1393 3805 1711 3860 liecatontas
1747 3806 1926 3861 decies
1963 3817 2177 3877 sumpta

612 3896 770 3951 faciet
815 3896 1101 3952 cbiliadcm
1151 3906 1206 3951 et
1249 3896 1362 3951 haec
1407 3897 1512 3951 erit
1546 3912 1758 3954 monas.
1807 3898 1886 3953 Ita
1917 3907 1971 3954 et
2012 3898 2176 3952 millia

607 3989 787 4045 decies
820 3998 1032 4059 sumpta
1084 3988 1429 4058 110—111
1486 4004 1608 4043 cum
1656 3999 1907 4045 accurate
1954 3988 2179 4044 reddent

611 4081 935 4151 myriadem,
972 4080 1225 4135 similiter
1269 4089 1431 4135 erunt
1463 4092 1671 4135 monas.
1705 4079 1950 4136 Monadis
1995 4090 2175 4135 autem

614 4186 711 4239 per
762 4170 1117 4224 indivisorum
1167 4170 1629 4238 comparationem
1683 4171 1899 4241 cognati
1964 4170 2174 4225 numeri

612 4262 1194 4330 comprehenduntur:
1248 4261 1303 4325 5,
1348 4262 1403 4325 5,
1455 4261 1506 4328 7,
1545 4262 1598 4316 9.
1646 4263 1745 4317 Est
1792 4272 1972 4317 autem
2013 4264 2179 4317 etiam

615 4352 755 4406 alius
798 4352 1009 4406 numeri
1058 4352 1307 4420 cognatio
1349 4353 1415 4405 ad
1454 4353 1733 4407 itionadem
1769 4352 2063 4407 naturalior
2088 4367 2174 4408 se-

616 4441 852 4496 cundum
882 4439 1199 4510 sextuplicis
1231 4440 1379 4495 orbis
1412 4441 1699 4504 rationem,
1726 4441 1937 4512 dyadis,
1980 4456 2177 4497 secun-

612 4533 740 4586 dam
765 4530 1013 4601 parilium
1043 4531 1340 4601 posituram
1368 4546 1714 4586 numerorum
1739 4540 1793 4587 et
1827 4532 2173 4588 divisionem.

608 4620 884 4691 Cognatus
918 4630 1100 4676 autem
1126 4630 1210 4677 est
1255 4637 1512 4677 numerus
1536 4624 1571 4678 4
1598 4632 1651 4677 et
1674 4623 1727 4679 8.
1762 4620 1889 4678 Hmc
1910 4633 2113 4678 autem.
2158 4662 2174 4678 .

613 4748 630 4766 .
673 4750 688 4766 .
730 4747 804 4767 ..
846 4750 860 4763 .
903 4749 920 4767 .
965 4750 979 4765 .
1024 4746 1155 4768 ...
1199 4753 1215 4769 .
1259 4751 1275 4766 .
1319 4751 1334 4765 .
1376 4728 1709 4783 .prngressa
1749 4722 1879 4769 sunt
1914 4714 2176 4782 usquead

2285 2073 2671 2146 ἐθεολόγησαν.
2708 2077 2770 2129 Οἱ
2796 2074 2856 2128 δέ
2887 2075 3148 2148 ἐνδοτέρω
3172 2077 3274 2146 τῆς
3301 2075 3557 2146 ἀληθείας
3602 2073 3832 2143 νομίσαν-

2280 2183 2373 2230 τες
2396 2168 2678 2236 γεγονέναι
2710 2168 2918 2239 Πέρσαι
2954 2167 3164 2238 ἔφασαν
3200 2168 3291 2221 τὸν
3321 2167 3455 2221 Θεὸν
3486 2162 3625 2220 εἶναι
3656 2181 3831 2235 φωτει-

2282 2255 2393 2320 νδν,
2446 2256 2564 2326 φῶς
2591 2257 2651 2310 ἐν
2697 2257 2822 2330 ἀέρι
2876 2256 3257 2328 συνεχόμενον.
3310 2257 3374 2310 Οί
3418 2255 3475 2309 δὲ
3523 2251 3830 2308 Βαϐυλώνιοι

2282 2346 2492 2418 ἔφεισαν
2525 2348 2617 2402 τὸν
2648 2348 2781 2403 Θεὸν
2829 2348 3106 2403 σκοτεινὸν
3163 2344 3329 2413 εἶναι,
3356 2348 3496 2419 ὅπερ
3537 2346 3631 2400 καὶ
3654 2343 3829 2400 adeo"

2279 2440 2374 2494 τοῦ
2417 2440 2605 2512 ἐτέρου
2666 2440 3093 2511 ἐπακολούθημα
3151 2440 3440 2510 φαίνεται·
3514 2439 3671 2492 νυκτὶ
3738 2438 3828 2505 γὰρ

2280 2530 2634 2587 ἐπακολουθεῖ
2671 2532 2875 2604 ἡμέρᾳ,
2905 2534 2971 2603 τῇ
3000 2531 3058 2585 δέ
3094 2530 3430 2603 ἡμέραννύξ.
3462 2530 3744 2599 Αἰγύπτιοι
3781 2527 3826 2579 δὲ

2281 2622 2500 2677 πάντων
2520 2622 2866 2695 ἀρχαιότεροι
2899 2619 3039 2676 εἶναι
3072 2621 3386 2692 νομίζοντες
3428 2621 3526 2691 τὴν
3572 2619 3668 2673 τοῦ
3711 2616 3826 2670 Θεοῦ

2302 2713 2534 2785 δύναμιν
2561 2716 2723 2770 ".....
2759 2713 3095 2785 ψηφίσαντες
3131 2714 3261 2767 τάδε
3306 2713 3653 2783 διαστήματα
3671 2712 3715 2741 ’⁵
3737 2710 3828 2762 τῶν

2285 2806 2495 2878 μοιρῶν
2524 2808 2570 2839 ³⁷
2601 2807 2661 2873 ἐξ
2686 2807 2975 2870 ἐπιπνοίας
2993 2806 3041 2839 ’⁸
3064 2805 3350 2875 θειοτάτης
3381 2804 3586 2874 ἔφασαν
3617 2803 3701 2856 τὸν
3715 2802 3828 2854 Θεὸν

2281 2894 2420 2951 εἶναι
2459 2899 2663 2967 μονάδα
2695 2898 3003 2970 ἀδιαίρετον
3031 2898 3125 2953 καὶ
3150 2897 3320 2970 αὐτὴν
3348 2897 3546 2965 ἑαυτὴν
3575 2895 3830 2963 γεννῶσαν

2280 2986 2375 3040 καὶ
2405 2986 2465 3050 ἐξ
2491 2986 2663 3056 αὐτῆς
2700 2986 2773 3040 τά
2822 2987 3001 3040 πάντα
3042 2985 3514 3039 κατεσκευάσθαιο
3560 2985 3692 3052 αῦτη
3714 2984 3827 3050 γὰρ,

2285 3077 2449 3146 φησὶν
2470 3078 2537 3144 ¹⁹,
2569 3072 2864 3148 ἁγέννητος
2885 3073 3021 3131 οὖσα
3050 3078 3176 3139 τοὺς
3211 3076 3339 3147 ἑξῆς
3359 3075 3628 3146 ἀριθμοὺς
3656 3074 3823 3142 γεννᾷ.

2280 3165 2393 3224 οἷον
2447 3169 2533 3238 ἐφ’
2569 3168 2768 3240 ἐαυτὴν
2821 3171 2855 3239 ὴ
2910 3168 3076 3240 μονάς
3128 3166 3646 3238 ἐπιπροστεθεῖσα⁸⁶
3682 3166 3827 3234 γεννᾷ

2280 3258 2380 3331 τὴν
2415 3257 2581 3312 δυάδα
2613 3258 2707 3312 καὶ
2766 3256 2967 3329 ὁμοίως
3013 3256 3514 3329 ἐπιπροστιθεμένη
3550 3256 3704 3325 γεννᾷ
3740 3252 3825 3322 τὴν

2279 3351 2471 3423 τριάδα
2500 3352 2597 3404 καὶ
2626 3350 2861 3421 τετράδα
2891 3349 3055 3421 μέχρι
3085 3351 3184 3419 τῆς
3211 3349 3455 3414 δεκάδος,
3480 3348 3599 3418 ἥτις
3634 3346 3763 3417 ἀρχὴ
3786 3346 3823 3377 ⁸⁸

2279 3444 2375 3499 καὶ
2405 3445 2467 3497 τὸ
2495 3444 2649 3508 τέλος
2676 3441 2788 3498 τῶν
2819 3442 3092 3513 ἀριθμῶν,
3122 3442 3209 3495 ἵνα
3258 3442 3485 3512 γένηται
3542 3439 3725 3509 πρώτη
3745 3438 3825 3490 καὶ

2278 3537 2478 3608 δεκάτη
2510 3537 2541 3607 ἡ
2599 3535 2767 3606 μονὰς
2792 3535 2881 3589 διὰ
2910 3535 2972 3588 τὸ
3016 3535 3112 3588 καὶ
3149 3534 3245 3604 τὴν
3284 3531 3482 3585 δεκάδα
3519 3529 3825 3599 ἰσοδυναμεῖν

2277 3630 2372 3682 καλ⁸
2401 3626 2756 3699 ἀριθμεῖσθαι
2783 3628 2864 3692 είς
2898 3626 3125 3698 μονάδα,
3155 3626 3252 3679 xui.
3298 3623 3442 3693 α’ύτη
3484 3622 3824 3677 δεκαπλασια-

2281 3720 2470 3772 σθεῖσα
2518 3719 2744 3789 γένηται
2805 3717 3100 3781 ἐκατοντάς
3120 3717 3198 3749 ⁸¹⁶
3251 3715 3347 3767 καὶ⁵
3423 3713 3583 3768 πάλιν
3631 3712 3819 3779 γίνεται

2280 3810 2471 3881 μονὰς,
2495 3810 2589 3864 καὶ⁵
2612 3810 2646 3881 ἡ
2680 3808 2974 3872 ἐκατοντάς
2997 3805 3529 3862 δεκαπλασιασθεῖσα
3572 3803 3766 3874 ποιήσει
3783 3798 3823 3832 ³³

2277 3900 2513 3971 χιλιάδα,
2574 3900 2670 3954 καὶ
2750 3898 2892 3972 αὕτη
2978 3899 3133 3953 ἔσται
3214 3898 3419 3969 μονάς’
3503 3896 3667 3958 οὕτως
3736 3890 3822 3945 καὶ

2282 3992 2356 4065 [p‘
2393 3993 2460 4048 ⁷⁷
2500 4018 2573 4034 ’⁸
2618 3989 2738 4063 ⁷9η]
2786 3992 2856 4046 τὰ
2904 3991 3050 4062 χίλια
3072 3988 3606 4045 δεκαπλασιασθὲντα
3629 3981 3815 4040 ἀν⁸⁸ο⁸⁸

2278 4084 2624 4155 ἀπαρτίσωσι
2653 4084 2755 4155 τὴν
2796 4084 3058 4156 μυριάδα,
3102 4083 3301 4153 ὁμοίως
3337 4082 3492 4136 ἔσται
3524 4079 3695 4152 μονάς.
3720 4076 3819 4143 Τῆς

2277 4176 2335 4230 δὲ
2377 4176 2603 4247 μονάδος
2628 4175 2770 4231 κατά
2798 4176 2897 4249 τὴν
2924 4174 3230 4245 ἀδιαίρετον
3254 4173 3541 4245 σύγκρισιν
3567 4173 3818 4240 συγγενεῖς

2276 4266 2503 4337 ἀριθμοὶ
2549 4266 3073 4338 παραλαμϐάνονται
3103 4273 3155 4335 γ’
3201 4271 3243 4319 ε’
3279 4266 3325 4329 ζ’
3347 4264 3415 4320 θ’.
3455 4266 3605 4319 Ἔστι
3642 4263 3692 4316 δέ
3731 4261 3817 4313 καὶ

2276 4358 2466 4428 ἐτέρου
2513 4357 2754 4430 ἀριθμοῦ
2803 4357 3097 4427 συγγένεια
3146 4357 3285 4428 πρὸς
3315 4357 3416 4427 τὴν
3455 4356 3651 4427 μονάδα
3683 4368 3817 4421 φυσι-

2278 4449 2498 4520 κωτέρα
2530 4447 2673 4502 κατά
2694 4448 2794 4519 τὴν
2840 4448 2936 4503 τοῦ
2970 4447 3271 4513 ὲξακύκλου
3310 4448 3490 4510 ἕλικος
3511 4448 3555 4480 ³⁷
3592 4458 3813 4517 πραγμα-

2276 4540 2452 4602 τείαν,
2479 4540 2577 4610 τῆς
2622 4538 2814 4602 δυάδος
2865 4538 3006 4592 κατὰ
3036 4538 3134 4608 τὴν
3182 4537 3369 4609 ἄρτιον
3404 4537 3555 4591 θέσιν
3591 4536 3689 4589 τῶν
3712 4534 3813 4602 ἀρι-

2205 4630 2436 4719 υθμῶν
2495 4630 2591 4684 καὶ
2642 4629 2929 4701 διαίρεσιν.
2974 4630 3252 4697 Συγγενὴς
3286 4628 3343 4681 δὲ
3384 4628 3413 4681 δ
3472 4625 3811 4719 ἀριθμός

2281 4721 2378 4774 τοῦ
2404 4720 2444 4775 δ’
2470 4721 2564 4775 καὶ
2588 4726 2658 4791 η’.
2710 4719 2897 4773 Ταῦτα
2939 4719 2996 4772 δέ
3036 4721 3102 4773 ἐκ
3145 4720 3245 4790 τῆς
3286 4718 3513 4790 μονάδος
3552 4713 3759 4787 ἀριθμὸν
3774 4711 3813 4743 ⁸⁸

611 4813 848 4875 quatuor
911 4804 1178 4860 elementa
1206 4844 1225 4870 ,
1279 4806 1399 4860 dico
1449 4817 1627 4860 autem
1672 4806 1895 4876 spiritus
1936 4813 1990 4861 et
2037 4807 2179 4877 ignis

2283 4811 2516 4867 λαϐόντα
2573 4812 2831 4883 πρόνοιαν
2873 4812 3074 4883 ἀρετῆς
3112 4812 3359 4884 ἐχώρησε
3381 4812 3428 4844 ε’
3462 4810 3622 4881 μέχρι
3666 4807 3759 4860 τῶν
3781 4802 3814 4856 δ’

611 4912 873 4967 aquisque
902 4906 958 4952 et
993 4906 1172 4962 terrae,
1222 4911 1289 4952 ex
1318 4898 1513 4967 quibus
1560 4908 1613 4951 et
1647 4898 1881 4953 confecit
1919 4900 2176 4953 mundum

2285 4903 2589 4972 στοιχείων,
2624 4902 2765 4970 λέγω
2789 4901 2854 4974 δὴ
2874 4901 2970 4956 τοῦ
3002 4901 3309 4973 πνεύματος
3334 4902 3431 4956 καὶ⁵
3459 4901 3627 4972 πυρὸς
3660 4894 3815 4957 ὕδατός

611 5003 665 5043 ct
692 4990 1254 5046 masculo-femineum
1304 5005 1426 5044 eum
1461 4992 1770 5057 adornavit,
1818 5002 1875 5046 et
1919 4991 2028 5047 duo
2059 4992 2181 5060 qui-

2284 5010 2346 5047 τε
2375 4992 2471 5046 καὶ
2516 4993 2657 5064 γῆς’
2709 4992 2805 5046 καὶ
2845 4993 2912 5046 ἐκ
2959 4992 3162 5046 τούτων
3192 4992 3425 5063 ποιήσας
3454 4992 3500 5023 ⁸⁸
3521 4991 3612 5044 τὸν
3650 4988 3815 5055 κόσμον

611 5085 735 5137 dem
769 5083 1045 5139 elementa
1092 5083 1158 5136 ad
1188 5084 1436 5151 superius
1475 5083 1913 5154 hemisplmrium
1941 5084 2180 5140 destina-

2286 5085 2655 5157 ἀρῤενόθηλυν
2696 5084 2859 5139 αὐτὸν
2893 5083 3287 5147 κατεσκεύασε,
3322 5084 3419 5138 καὶ
3452 5083 3546 5136 δύο
3578 5082 3671 5153 μὲν
3700 5093 3816 5131 στοι-

613 5175 739 5230 vit:
799 5174 1050 5245 spiritum
1102 5175 1421 5244 ignemque,
1473 5184 1529 5228 et
1572 5185 1798 5230 vocatur
1844 5174 1947 5230 hoc
1994 5173 2181 5244 ,liemi-

2288 5178 2412 5245 χεῖα
2432 5177 2511 5240 εἰς
2526 5177 2586 5230 τὸ
2610 5175 2721 5230 ἄνω
2742 5175 3101 5248 ἡμισφαίριον
3127 5174 3426 5246 προσέταξε
3451 5175 3512 5228 τό
3538 5190 3597 5227 τε
3633 5168 3814 5238 πνεῦμα

1894 5328 2128 5383 VARUE
2163 5326 2456 5384 LECTION
2466 5327 2571 5388 ES.

722 5474 765 5504 "
792 5470 1001 5527 ἐλάττω
1024 5471 1087 5526 C.
1198 5471 1244 5502 ’°
1269 5471 1352 5523 ὅτι
1404 5469 1703 5536 Roeperus,
1731 5465 1780 5519 οἳ
1812 5464 1881 5538 C,
1908 5466 1976 5520 Li.
2082 5467 2128 5498 ’ί
2158 5466 2444 5537 ἀπέφηναν
2490 5467 2546 5522 δὲ
2590 5468 2670 5524 τό.
2720 5468 3067 5538 ἀπεφήναντο
3093 5466 3156 5531 C,
3203 5467 3273 5522 M.
3384 5472 3429 5502 υ
3462 5471 3681 5538 νομίσας
3726 5481 3813 5538 ct;-

612 5544 844 5612 νομίσας
865 5543 927 5607 C,
960 5540 1035 5612 Μ,
1067 5540 1158 5609 qui
1203 5550 1375 5612 putat
1398 5535 1655 5612 omissum
1689 5550 1811 5612 esse
1860 5536 2091 5612 ἕκαστος
2122 5546 2244 5612 post
2274 5535 2356 5592 νει
2386 5548 2512 5593 ante
2546 5539 2796 5612 νομίσας.
2843 5535 2919 5612 :f'
2965 5536 3137 5612 liv-ro;
3165 5552 3246 5606 pr.
3278 5538 3387 5612 C.__
3420 5541 3468 5572 “
3493 5535 3622 5593 αύτδ
3648 5538 3728 5612 τοῦ

615 5604 853 5673 Scottus.
883 5604 1055 5665 ταῦτα
1077 5604 1141 5672 C.
1168 5604 1303 5664 αύτδ
1330 5609 1399 5663 Μ.
1476 5609 1519 5639 ’³
1559 5606 1685 5661 Post
1731 5604 2407 5677 bévapwsignaAIncunm
2467 5604 2763 5676 posuimus.
2844 5608 2889 5640 ’⁸
2915 5606 2985 5660 τά
3011 5624 3070 5660 τε
3113 5604 3290 5663 διαστ.
3340 5609 3411 5663 Μ.
3490 5611 3533 5641 ’⁷
3580 5609 3742 5677 μυρὼν
3763 5604 3810 5655 (2·

618 5680 924 5760 ’θηὲπιν-οίας
952 5681 1013 5741 C.
1033 5681 1148 5760 .ML
1267 5678 1467 5760 φασι.νῖ
1497 5677 1562 5760 bl.
1642 5676 1703 5760 ’1
1731 5674 2126 5760 ἐπιπρρσθεῖσα
2151 5674 2215 5760 (ξς
2261 5745 2272 5760 .
2292 5678 2336 5708 ³⁸
2367 5679 2399 5749 ὴ
2431 5674 2574 5760 ἀρχῇ
2609 5679 2753 5760 coni.
2788 5677 2876 5760 li:-
2939 5677 2987 5757 ³ξ
3008 5677 3099 5760 καὶ
3132 5678 3175 5760 ἡ.
3212 5677 3505 5760 ἐκατ-οντὰς
3546 5674 3808 5760 linamenta.

619 5748 719 5803 κᾶν
740 5751 773 5817 ἡ
797 5742 1088 5814 ἑκατοντάς
1109 5750 1171 5809 C.
1197 5742 1292 5804 Mf
1342 5749 1390 5780 ³⁸
1421 5748 1618 5817 ποιήσῃ
1658 5745 1728 5817 bl.
1759 5815 1783 5817 _
1803 5742 1920 5779 “°“
1949 5746 2016 5801 ἂν
2043 5760 2153 5817 um.
2174 5742 2447 5817 Qlacttna
2470 5742 2663 5803 're'licta
2689 5747 2755 5803 Μ.
2822 5746 2876 5817 ,π
2895 5745 2991 5817 τοῦ
3016 5742 3311 5817 ἐξακύκλου
3335 5749 3514 5814 ἕλικος
3536 5749 3630 5817 τῆς
3653 5742 3813 5817 eiut}-

618 5786 959 5880 Ξῐᾶυ’⁸ιίῖέἑξ
970 5786 1178 5883 ’ἰῐῗτῖἐ
1197 5786 1741 5890 ’ἕέακσκίῖἁίεξέκόἓ
1757 5786 2153 5890 ΒιιιιεειῖἲῖιὲξῚῙ
2176 5786 3311 5890 “7'11”‘ii'léiéwapto96533355}?
3328 5786 3627 5889 ξιῖέὗῖἰίἶ⁸⁵
3639 5786 3815 5882 ’Ῥέῖἶξώ-

622 5817 747 5873 κλου
771 5819 948 5880 ἕλικος
988 5818 1058 5883 Μ,
1085 5820 1178 5873 τοῦ
1210 5818 1507 5884 ἐξακύκλου
1537 5817 1722 5869 ὑλικοῦ
1757 5817 2058 5871 Bunsenius
2108 5817 2147 5875 Ι,
2194 5817 2278 5869 77.
2358 5818 2401 5850 ⁸⁸
2432 5819 2683 5890 ἀριθμόν.
2717 5817 2950 5888 ἀριθμοῦ
2996 5817 3080 5872 vel
3110 5817 3286 5888 ἀρχὴν
3328 5836 3477 5889 susp.
3510 5818 3575 5873 Μ.

622 5906 737 5962 ρισε
770 5890 1065 5960 itospcrts.
1132 5889 1176 5922 “
1203 5890 1265 5943 ἐκ
1294 5887 1496 5943 τούτων
1527 5884 1599 5958 [ὁ]
1628 5887 1857 5957 ποιήσας
1887 5902 2034 5955 susil.
2068 5885 2135 5941 Μ.
