4002 6576
545 495 686 562 3109

2016 478 2381 542 ORIGENIS

3654 472 3795 535 3W}

548 614 639 667 alii
677 618 856 664 autem
885 607 1180 664 secundum
1217 612 1388 660 totum
1422 618 1731 658 numerum.
1772 599 1919 654 Talis
1949 600 2113 652 etiam

2247 593 2486 662 :ptOttdw
2520 593 2744 663 τοιαύτη
2792 592 2884 647 καὶ
2913 594 2945 665 ἡ
2987 590 3302 661 Αἰγυπτίων
3337 589 3517 658 σοφία,
3548 589 3618 642 δι’
3646 583 3711 659 ἧς
3741 589 3794 642 τὸ

552 705 930 776 Egyptiorum
985 701 1269 770 sapientia,
1303 714 1399 768 per
1426 713 1588 767 quam
1637 697 1874 751 divinum
1916 706 2117 748 numen

553 796 897 850 celebrantes
932 803 1262 860 cognoscere
1289 790 1603 858 Opiuantnr.

627 884 715 939 45.
754 882 898 937 Satis
944 882 1106 951 igitur
1153 891 1207 934 et
1241 881 1355 935 haec
1397 895 1426 931 ιι
1460 877 1615 933 nobis
1663 876 1917 932 videnlur
1952 872 2121 940 ειμι.-

558 982 701 1026 cata.
737 971 928 1023 Verum
978 977 1237 1037 przelerea
1275 968 1436 1021 etiam
1484 967 1722 1019 arbitror
1777 962 1974 1016 nullam
2003 963 2121 1030 opi-

557 1059 774 1114 nionem
798 1055 1078 1119 sapientiae
1119 1064 1346 1108 terrenze
1373 1062 1428 1107 et
1459 1052 1607 1107 bttmi
1653 1051 1875 1121 deiectae
1904 1059 2124 1119 prater-

564 1148 802 1211 misisse,
839 1163 944 1202 non
991 1135 1233 1197 inutilem
1278 1151 1457 1197 autem
1496 1143 1653 1196 video
1691 1155 1899 1203 curam,
1933 1153 2053 1207 qua:
2092 1154 2121 1190 a

561 1238 797 1294 nobisin
845 1251 937 1290 eas
970 1250 1056 1289 res
1096 1235 1334 1301 impensa
1369 1242 1486 1299 est;
1524 1246 1628 1286 non
1675 1231 1817 1285 enim
1854 1231 2026 1283 solum
2060 1229 2127 1283 ad

563 1330 935 1399 coarguendas
963 1329 1195 1382 haereses
1225 1327 1410 1380 utilem
1439 1326 1682 1379 videmus
1701 1323 1981 1378 exstitisse
2014 1336 2127 1376 ser-

566 1437 801 1487 monem,
839 1421 931 1475 sed
960 1422 1120 1474 ctiam
1168 1420 1232 1473 ad
1280 1420 1423 1487 ipsos
1468 1403 1628 1484 huius
1652 1416 1911 1469 doctrina:
1952 1423 2129 1469 secta-

565 1526 731 1581 tores,
764 1514 879 1581 qni,
927 1513 1015 1566 ubi
1050 1514 1289 1568 incident
1321 1512 1576 1580 impensa:
1626 1525 1769 1565 cura:
1805 1519 2024 1572 nostrae,
2076 1518 2131 1562 et

562 1606 799 1661 studium
837 1614 1084 1659 nostrum
1114 1602 1528 1657 admirabuntur
1548 1611 1601 1655 et
1652 1602 1851 1655 laboris
1892 1601 2129 1655 assidui-

566 1708 730 1752 tatem
760 1712 865 1751 non
893 1696 1223 1763 vilipendent
1254 1708 1353 1748 nec
1376 1694 1570 1747 stultos
1602 1693 1927 1762 judicabant
1973 1691 2132 1747 Cbri-

567 1791 799 1854 stianos,
823 1788 912 1841 ubi
948 1786 1297 1855 perspicient,
1328 1785 1522 1849 quibus
1554 1786 1712 1837 rebus
1740 1782 1838 1852 ipsi
1871 1782 2033 1837 stulte
2064 1782 2129 1836 li-

568 1884 687 1937 dem
716 1881 966 1935 habeant.
993 1879 1143 1932 Adde
1169 1878 1309 1946 quod
1334 1878 1496 1930 etiam
1518 1891 1633 1939 eos,
1658 1876 1745 1943 qui
1777 1876 1983 1929 veritati
2014 1890 2133 1929 sese

2224 682 2377 735 Θείον
2407 683 2718 751 δοξάζοντες
2738 684 2782 718 ⁸⁸
2809 684 3093 753 γινώσκειν
3115 683 3441 755 νομίζουσιν.

2302 884 2402 947 με’.
2449 875 2664 938 Ἱκανῶι,
2712 872 2806 927 οὖν
2838 874 2983 927 δοκεῖ
3011 875 3159 943 ἡμᾶς
3190 873 3286 926 καὶ
3337 873 3507 927 ταῦτα
3564 873 3793 925 ἐκτεθεῖ-

2231 969 2375 1023 σθαι.
2422 968 2560 1021 Ἀλλ’
2612 966 2691 1020 ἔτι
2740 966 2786 996 ⁸⁵
2817 965 3021 1035 νομίζω
3062 966 3333 1035 μηδεμίαν
3369 965 3523 1029 δόξαν
3552 969 3656 1033 τῆς
3684 963 3794 1015 ἐπι-

2230 1062 2378 1129 γείου
2409 1061 2502 1113 καὶ
2533 1058 2909 1129 χαμαιπετοῦς
2940 1058 3135 1125 σοφίας
3193 1057 3675 1128 παραλελοιπέναι,
3706 1057 3797 1108 οὐκ

2234 1154 2501 1224 ἄχρηστον
2527 1153 2583 1205 δὲ
2616 1152 2714 1220 τὴν
2752 1154 2832 1215 είς
2882 1150 3019 1204 αὐτὰ
3051 1150 3305 1221 φροντίδα
3346 1150 3454 1221 δρῶ
3487 1152 3623 1219 ἡμῖν
3652 1166 3796 1217 γεγε·

2231 1262 2295 1312 νη
2305 1246 2469 1313 μένην
2495 1262 2507 1274 ·
2529 1244 2648 1297 οὐδὲ
2676 1243 2783 1313 γάρ
2816 1242 2974 1312 μόνον
2998 1243 3134 1313 πρὸς
3165 1243 3381 1311 ἔλεγχον
3406 1243 3510 1294 τῶν
3540 1243 3801 1311 αἱρέσεων

2233 1336 2532 1407 εὔχρηστον
2588 1335 2806 1406 ὁρῶμεν
2848 1334 3128 1403 γεγονέναι
3184 1333 3274 1386 τὸν
3324 1334 3499 1401 λόγον,
3527 1332 3670 1386 ἀλλὰ
3716 1335 3796 1386 καὶ

2236 1430 2371 1499 προς
2402 1429 2598 1489 αὐτοὺς
2629 1428 2756 1489 τοὺς
2784 1426 2957 1479 ταῦτα
2983 1427 3027 1458 ⁸ο
3049 1425 3388 1490 δοξάζοντας,
3412 1425 3461 1477 οἳ
3492 1426 3797 1494 ἐντυχόντες

2236 1526 2299 1591 τῇ
2325 1519 2665 1592 γεγενημένῃ
2686 1519 2843 1589 ἡμῶν
2873 1518 3273 1589 πολυμεριμνία
3310 1518 3403 1570 καὶ
3430 1518 3489 1569 τὺ
3519 1517 3797 1569 σπουδαῖον

2237 1615 2579 1684 θαυμάσουσι
2607 1615 2701 1667 καὶ
2731 1614 2791 1666 τὸ
2814 1614 3099 1682 φιλόπονον
3125 1614 3225 1666 οὐκ
3279 1612 3695 1682 ἐξουθενήσουσι
3716 1610 3797 1662 καὶ

2242 1709 2457 1780 μωροὺς
2511 1707 2609 1759 οὐκ
2657 1707 3060 1775 ἀποφανοῦνται
3133 1705 3490 1777 Χριστιανοὺς
3547 1704 3798 1765 ἐνιδόντες

2238 1793 2320 1861 οἷς
2351 1798 2502 1851 αὐτοὶ
2562 1796 2759 1866 μωρῶς
2815 1796 3180 1850 πιστεύουσιν.
3220 1797 3340 1848 Ἔτι
3381 1796 3436 1848 δέ
3465 1796 3557 1848 καὶ
3591 1796 3711 1856 τοὺς
3738 1796 3805 1864 τῇ

2240 1888 2466 1958 ἀληθείᾳ
2498 1888 2859 1955 προσέχοντας
2892 1884 3209 1955 φιλομαθεῖς
3247 1884 3568 1953 προῦιὸάσει
3598 1884 3625 1935 ὀ
3657 1884 3799 1949 λόγος

574 1975 899 2028 addixerunt
926 1971 1163 2024 discendi
1196 1968 1359 2030 avidi,
1386 1967 1597 2035 juvabit
1620 1983 1822 2031 sermo,
1855 1974 1911 2017 ut
1936 1965 2131 2019 intelli-

2247 1955 2681 2048 φρονιμωτέρους
2710 1976 2847 2047 πρὸς
2881 1976 2941 2028 τὸ
2976 1977 3049 2046 μὴ
3100 1975 3256 2045 μόνον
3279 1976 3377 2038 τὰς
3403 1976 3511 2027 τῶν
3544 1975 3800 2045 αἱρέσεων

568 2065 839 2135 gentiores
886 2062 1116 2117 evadant
1166 2075 1268 2112 non
1319 2059 1515 2122 solum,
1567 2058 1654 2110 ubi
1688 2056 1975 2111 didicerint
2024 2058 2135 2109 bae-

570 2157 770 2211 resiutn
798 2155 1166 2218 fundamenta,
1188 2153 1252 2205 ad
1285 2150 1491 2204 facilem
1523 2150 1897 2203 refutationem
1924 2165 2137 2213 eorum,

569 2245 661 2315 qui
687 2245 943 2298 seducere
973 2256 1065 2296 eos
1094 2240 1455 2301 conabuntur,
1484 2238 1577 2291 sed
1605 2237 1769 2291 etiam
1804 2237 1890 2290 ubi
1929 2237 2138 2290 didice-

574 2338 680 2389 rint
712 2335 1013 2403 sapientum
1047 2347 1166 2400 quae
1191 2332 1445 2383 dicuntur
1471 2329 1923 2397 Opiniones,quas
1955 2326 2140 2399 114-

577 2425 735 2495 115
760 2410 931 2478 edocti
965 2437 1139 2491 neque
1178 2420 1246 2474 ab
1297 2421 1427 2489 ipsis
1479 2421 1838 2474 turbabuntur
1885 2430 2138 2487 tanquam

571 2521 764 2592 ignari,
795 2535 969 2589 neque
997 2519 1064 2572 ab
1100 2516 1370 2585 aliquibus
1406 2518 1729 2571 seducenlur
1746 2514 1894 2583 quasi
1926 2513 1974 2565 vi
2006 2526 2141 2580 qna-

569 2617 690 2669 tlam
715 2615 1018 2685 agentibus,
1045 2613 1139 2667 sed
1165 2612 1326 2666 etiam
1358 2626 1473 2675 eos,
1504 2612 1594 2679 qui
1626 2610 1808 2665 seduci
1842 2625 1903 2664 se
1933 2608 2144 2679 patien-

573 2718 678 2774 tttr,
703 2708 989 2763 cavcbttnt.
1556 2700 1565 2711 ί

646 2798 737 2853 46.
776 2798 1050 2866 Expositis
1084 2797 1250 2867 igitur
1280 2804 1537 2864 quantum
1572 2794 1705 2848 satis
1735 2793 1828 2857 iis,
1874 2808 1991 2861 ane
2025 2791 2142 2861 pla-

575 2891 689 2945 cuit
722 2891 940 2960 exponi,
969 2892 1076 2958 jam
1108 2890 1172 2942 ad
1207 2889 1493 2943 consilium
1525 2887 1663 2955 quod
1694 2888 2027 2956 propositum
2060 2894 2143 2940 est

572 2984 972 3052 exsequendum
1034 2992 1394 3046 transeamus,
1456 2989 1513 3034 nt
1564 2981 1937 3034 demonstrato
1998 2980 2142 3045 quod

574 3074 955 3128 constituimus
990 3072 1054 3126 de
1096 3072 1391 3125 hatresibns
1436 3081 1491 3125 et
1536 3080 1747 3133 coacto,
1798 3080 1856 3124 ut
1910 3069 2141 3139 singulis

575 3180 671 3219 sua
701 3165 1015 3227 reddantur,
1052 3165 1222 3218 nudos
1250 3162 1638 3217 bmresiarcbas
1677 3162 2048 3223 ostendamus.
2089 3171 2144 3215 et

2242 2067 2511 2137 μαθόντας
2559 2068 2732 2138 ἀρχὰς
2787 2067 3022 2128 εὐκόλως
3078 2067 3405 2137 ἀνατρέπειν
3439 2068 3562 2129 τοὺς
3606 2067 3799 2134 πλανᾷν

2238 2160 2661 2230 τετολμηκότας,
2719 2158 2855 2211 ἀλλά
2897 2159 3116 2222 καὶτὰς
3166 2159 3274 2212 τῶν
3311 2159 3487 2227 σοφῶν
3514 2159 3799 2228 λεγομένας

2239 2252 2416 2317 δόξας,
2442 2247 2517 2303 ὧν
2552 2252 2651 2303 οὐκ
2683 2252 2897 2321 ἄπειροι
2930 2250 3228 2321 γενόμενοι,
3262 2251 3339 2321 [μ
3375 2250 3570 2322 80-39,]
3616 2250 3723 2302 οὗθ’
3758 2250 3797 2281 u

2242 2344 2333 2395 ὑπ’
2361 2342 2541 2395 αὐτῶν
2563 2342 2995 2412 ταραχθήσονται
3018 2343 3093 2406 ὼς
3121 2343 3372 2412 ἀμαθεῖς,
3397 2341 3507 2395 οὔθ’
3532 2342 3637 2395 ὑπό
3653 2359 3799 2394 τινων

2244 2430 2684 2500 πλανηθήσονται
2720 2431 2793 2494 ὡς
2828 2431 3053 2500 δυνάμει
3107 2432 3214 2483 τινὶ
3260 2431 3533 2501 δρώντων,
3567 2429 3680 2483 ἀλλ’
3727 2429 3805 2481 ἔτι

2242 2523 2477 2588 καὶτοὺς
2502 2523 2887 2593 πλανωμένους
2916 2525 3356 2595 ἐπιτηρήσουσιν.

2318 2812 2433 2877 pg’.
2480 2804 2702 2868 ’Ῑκανῶς
2750 2822 2843 2858 ουν
2898 2803 2967 2857 τά
3020 2803 3247 2869 δόξαντα
3303 2802 3581 2874 ἐκθέμενοι
3630 2803 3811 2855 λοιπὸν

2244 2898 2336 2951 ἐπὶ
2358 2898 2455 2967 τὴν
2480 2896 2574 2950 τοῦ
2621 2896 2983 2966 προκειμένου
3016 2895 3399 2966 πραγματείαν
3450 2895 3794 2965 χωρήσωμεν,

2245 2990 2391 3052 ὅπως
2418 2989 2446 3042 ὃ
2474 3007 2532 3041 τε
2548 2990 2795 3058 τάγμεθα
2832 2990 2957 3059 περὶ
3004 2989 3110 3040 τῶν
3158 2987 3421 3059 αἱρέσεων
3454 2987 3802 3051 ἐπιδείξαντες

2247 3082 2497 3145 ἑκάστοις
2518 3099 2575 3133 τε
2609 3081 2677 3133 τά
2709 3081 2817 3133 ἴδια
2846 3079 3134 3134 ἀποδοῦναι
3161 3081 3563 3148 ἀναγκάσαντες
3580 3079 3797 3148 γυμνοὺς

2244 3176 2369 3237 τοὺς
2401 3175 2759 3245 αἱρεσιάρχας
2796 3173 3202 3246 φανερώσομεν,
3252 3174 3347 3225 καλ⁸
3375 3172 3680 3243 ἀφροσύνην
3697 3170 3795 3222 τῶν

584 3255 804 3309 inscitia
860 3255 1274 3322 obsequentium
1348 3253 1688 3308 manifestata
1751 3254 2141 3321 compellamus

2247 3264 2581 3335 πειθομένων
2611 3264 3087 3335 κατηγορήσαντες
3128 3264 3387 3333 πείσομεν
3440 3263 3796 3333 παλινδρομεῖν

578 3347 760 3401 redire
814 3346 880 3400 ad
930 3347 1174 3400 veritatis
1222 3360 1473 3399 serenum
1521 3356 1756 3414 portum.
1807 3347 1923 3409 Quo
1962 3355 2142 3399 autem

584 3432 862 3501 apertiora
889 3446 949 3487 ea
981 3447 1102 3501 quae
1120 3434 1344 3486 dicenda
1366 3442 1489 3485 sunt
1515 3432 1803 3485 lectoribus
1832 3442 2145 3500 appareant,

582 3526 759 3596 placet
798 3528 964 3581 etiam
1013 3541 1097 3592 ea,
1131 3542 1249 3596 qua:
1281 3530 1346 3580 ab
1389 3528 1555 3582 Arato
1598 3528 1871 3582 elaborata
1918 3539 2044 3583 sunt
2082 3531 2148 3585 de

582 3618 886 3673 etclestinm
931 3619 1170 3674 siderum
1214 3621 1476 3688 positura,
1530 3620 1581 3673 in
1615 3621 1848 3675 medium
1887 3620 2144 3687 proferre,

579 3711 1010 3779 quandoquidem
1067 3713 1285 3780 quidam
1333 3727 1454 3765 cum
1500 3712 1746 3765 doctrina
1788 3728 1962 3766 sacra:
1999 3710 2147 3766 Scri-

579 3810 750 3867 ptura:
783 3812 1161 3869 comparantes
1216 3799 1305 3854 illa
1351 3816 1573 3855 sensum
1615 3800 1936 3869 depravant,
1988 3802 2150 3855 sedu-

579 3906 706 3944 cere
731 3900 943 3945 mentes
980 3907 1167 3945 eorum
1197 3892 1287 3961 qui
1322 3907 1484 3945 aures
1520 3894 1759 3960 przebent
1788 3891 1991 3955 conati,
2027 3907 2148 3945 cunt

582 3985 1040 4055 persnasibilibus
1068 3986 1369 4040 rationibus
1401 3986 1646 4041 alliciunt
1684 4000 1778 4040 eos
1811 3986 1875 4038 ad
1905 4001 2026 4052 quae
2059 4000 2150 4039 vo-

581 4077 722 4141 lnnt,
782 4077 1082 4131 inauditum
1142 4078 1511 4147 spectaculum
1576 4085 1935 4145 ostentantes,
1996 4075 2149 4144 quasi

581 4170 720 4222 coelo
750 4167 925 4221 defixa
959 4168 1067 4223 sint
1115 4183 1234 4237 qua:
1280 4169 1540 4233 tradunt;
1594 4168 1681 4222 isti
1724 4176 1901 4221 autem
1954 4166 2150 4220 fixisin

584 4262 884 4316 inauditum
935 4262 1303 4331 spectaculum
1352 4262 1526 4316 oculis
1579 4275 1837 4315 vanorum
1891 4260 2151 4312 mirantes

584 4353 874 4421 capiuntur
904 4353 1076 4408 instar
1106 4355 1244 4419 avis,
1277 4370 1394 4424 qum
1423 4364 1647 4409 vocatur
1676 4355 1841 4416 bubo,
1883 4351 2040 4419 cujus
2073 4351 2147 4403 si-

587 4444 714 4499 mile
741 4445 991 4498 convenit
1035 4444 1231 4499 aﬂ'erre
1276 4456 1494 4515 propter
1523 4461 1584 4499 ea
1629 4461 1750 4514 quae
1788 4445 2017 4498 instant.
2057 4442 2153 4497 Est

584 4546 764 4590 autem
792 4536 989 4590 animal
1022 4538 1122 4592 boc
1155 4553 1257 4592 non
1294 4539 1520 4591 multum
1546 4536 1808 4592 dissimile
1838 4536 2030 4605 aquilas
2056 4549 2153 4593 ιιθέ

2249 3356 2340 3409 ἐπὶ
2361 3355 2452 3408 τὸν
2477 3355 2575 3425 τῆς
2594 3354 2853 3424 ἀληθείας
2870 3355 3043 3408 εὖδιον
3062 3355 3277 3426 λιμένα.
3294 3355 3411 3408 ’Ῑνα
3433 3355 3489 3408 δὲ
3511 3355 3796 3422 σαφέστερα

2249 3448 2362 3507 τοῖς
2408 3447 2795 3515 ἐντυγχάνουσι
2841 3446 2909 3498 τὰ
2951 3446 3301 3516 ῥηθησόμενα
3331 3450 3473 3518 φανῇ
3500 3488 3513 3509 ,
3544 3447 3680 3499 δοκεῖ
3707 3444 3796 3496 καὶ

2251 3537 2341 3609 [τὰ
2370 3535 2442 3609 ⁸⁸]
2476 3538 2553 3608 τῷ
2599 3538 2812 3608 Ἀράτῴ
2876 3539 3314 3609 πεφροντισμένα
3362 3538 3489 3609 περὶ
3532 3538 3626 3607 τῆς
3666 3536 3795 3588 κατὰ

2248 3633 2356 3685 τῶν
2394 3632 2659 3704 οὐρανίων
2688 3631 2902 3701 ἄστρων
2940 3630 3230 3695 διαθέσεως
3278 3631 3530 3697 ἐξειπεῖν,
3570 3630 3637 3692 ὥς
3664 3645 3797 3690 τινες

2251 3726 2330 3786 εἰς
2380 3723 2448 3776 τὰ
2495 3723 2599 3775 ὑπὸ
2647 3722 2755 3775 τῶν
2800 3723 3033 3793 Γραφῶν
3072 3723 3336 3793 εἰρημένα
3388 3721 3795 3786 ἀνπεικονίζοντες

2250 3816 2392 3870 αὐτά
2416 3814 2794 3886 ἀλληγοροῦσι,
2856 3817 3112 3887 μετάγειν
3157 3816 3203 3847 ³³
3237 3817 3327 3868 τὸν
3352 3815 3478 3869 νοῦν
3517 3815 3617 3867 τῶν
3644 3828 3794 3883 προτο

2251 3909 2482 3978 εχόντων
2515 3909 2867 3977 πειρώμενοι,
2926 3908 3171 3973 πιθανοῖς
3221 3909 3399 3977 λόγοις
3457 3907 3793 3978 προσάγοντες

2253 4002 2449 4065 αὐτοὺς
2478 4001 2613 4071 πρὸς
2642 3999 2677 4053 ἀ
2708 4000 3009 4069 βοῦλονται,
3043 4000 3192 4065 ξένον
3217 4000 3403 4069 θαῦμα
3425 3997 3791 4067 ἐνδεικνύμενοι

2252 4092 2326 4153 ὡς
2372 4092 2889 4163 κατηστερισμένων
2938 4091 3046 4144 τῶν
3076 4092 3176 4157 ﬁat”
3208 4092 3389 4146 αὐτῶν
3418 4090 3723 4159 λεγομένων,
3746 4087 3788 4137 οἳ

2252 4184 2335 4253 τῷ
2364 4182 2653 4253 παραξένῳ
2715 4181 2955 4253 θαύματι
3004 4183 3295 4253 ἐνορῶντες
3353 4180 3789 4252 μικροθαῦμαστοι

2252 4275 2561 4327 ἁλίσκονται
2604 4273 2759 4341 δίκην
2806 4272 2991 4336 ὀρνέου
3051 4270 3145 4325 τοῦ
3192 4272 3487 4341 λεγομένου
3532 4271 3694 4330 ὥτου,
3738 4257 3793 4318 οὗ

2252 4368 2311 4419 τὸ
2337 4364 2686 4435 παράδειγμα
2714 4363 2877 4416 καλὸν
2900 4364 3135 4429 ἐξειπεῖν
3157 4362 3243 4416 διά
3262 4363 3329 4415 τὰ
3357 4362 3634 4430 μέλλοντα.
3660 4358 3790 4411 Ἐστι

2251 4454 2308 4507 δὲ
2342 4456 2401 4506 τὸ
2430 4453 2567 4517 ζῶον
2603 4453 2663 4505 οὐ
2689 4452 2823 4504 πολὺ
2875 4451 3214 4522 ἀπεμφαῖνον
3241 4450 3401 4504 ἀετοῦ
3438 4450 3562 4503 οὔτε
3605 4444 3789 4519 μεγέθει

2252 4544 2376 4598 οὔτε
2445 4546 2624 4617 μορφῇ
2654 4560 2667 4575 ⁸
2720 4543 3000 4596 ἁλίσκεται
3060 4542 3117 4594 δὲ
3160 4542 3348 4595 τοῦτον
3371 4542 3463 4595 τὸν
3505 4542 3705 4611 τρόπον’
3743 4536 3792 4589 '0

583 4647 690 4702 que
736 4632 1102 4700 magnitudine
1155 4620 1330 4698 neque
1378 4631 1570 4699 figura,
1610 4634 1821 4700 capitur
1863 4641 2041 4684 autem
2096 4629 2142 4682 in

2258 4636 2530 4707 ἀγρευτὴς
2561 4637 2606 4668 ⁸⁸
2634 4636 2742 4688 τῶν
2765 4634 2993 4706 ὀρνίθων
3024 4634 3160 4687 ἐπάν
3195 4635 3275 4704 ἴδῃ
3305 4635 3509 4704 ἀγέλην
3536 4650 3632 4685 ¹που
3654 4646 3792 4683 καταο

585 4725 730 4778 hunc
766 4729 978 4777 modum
1012 4722 1261 4792 :Auceps
1310 4738 1430 4778 cum
1476 4724 1609 4777 vidit
1646 4734 1916 4777 catervam
1970 4722 2151 4792 aliquo

585 4816 638 4868 in
674 4815 791 4869 loco
821 4815 1260 4881 desidentem,ex
1294 4813 1584 4883 longinquo
1620 4815 1935 4867 concutiens
1959 4828 2152 4868 manus

584 4909 785 4961 sultare
817 4923 877 4962 se
908 4908 1125 4962 simulat
1154 4918 1209 4962 et
1250 4909 1301 4962 in
1345 4910 1488 4961 bunc
1529 4908 1741 4961 modum
1776 4907 2030 4975 paulatim
2064 4922 2153 4976 ap-

585 5000 913 5069 [ropinqnat
963 5001 1176 5064 avibus,
1209 5000 1315 5054 illa:
1358 5008 1538 5053 autem
1582 4998 1973 5067 obstupefacta:
2003 4999 2156 5052 novi-

588 5101 702 5147 tate
726 5092 1021 5160 Spectaculi
1060 5091 1128 5145 ad
1161 5092 1343 5146 omnia
1373 5092 1688 5145 czecutiunt.
1728 5092 1833 5145 Alii
1864 5103 2043 5145 autem
2087 5107 2153 5146 ex

589 5184 676 5248 iis,
700 5183 790 5252 qui
822 5182 888 5236 ad
920 5180 1200 5251 capturam
1248 5187 1420 5253 parati
1455 5194 1601 5246 sunt,
1640 5198 1670 5237 a
1707 5194 1859 5252 tergo
1905 5198 2161 5252 superve-

588 5276 799 5330 nientes
849 5289 975 5330 aves
1025 5275 1171 5329 nullo
1236 5277 1454 5342 negotio
1499 5277 1985 5345 comprehendunt,
2035 5293 2155 5333 cmn

591 5366 1026 5435 contemplantnr
1080 5366 1415 5423 saltatorem.
1462 5367 1801 5436 Quapropter
1849 5384 2059 5437 precor,
2094 5382 2160 5421 ne

586 5456 713 5527 quis
741 5456 1003 5513 similibus
1035 5459 1360 5527 spectaculis
1403 5457 1808 5529 obstupefactus
1845 5458 2038 5513 ccelnm
2078 5458 2157 5512 in-

2260 4728 2471 4779 πτᾶσαν
2498 4726 2566 4785 ⁸⁸,
2602 4725 2884 4796 πόρρωθεν
2916 4725 3350 4795 ἀνακρουόμενος
3389 4724 3486 4786 τάς
3514 4724 3687 4793 χεῖρας
3717 4719 3791 4787 ὀρ·

2259 4817 2472 4887 χεῖσθαι
2499 4817 2823 4887 σκήπτεται,
2865 4816 2959 4868 καὶ
3015 4813 3159 4868 οὕτω
3195 4815 3331 4886 πρὸς
3393 4814 3571 4881 ὀλίγον
3620 4809 3791 4878 ἐγγίζει

2260 4910 2371 4973 τοῖς
2391 4907 2598 4979 ὄρνισιν
2622 4922 2635 4936 ·
2675 4908 2726 4960 οἱ
2753 4908 2808 4960 δὲ
2840 4907 2938 4979 τὴν
2970 4906 3273 4978 παράξενον
3313 4907 3453 4959 θέαν-
3476 4902 3790 4969 καταπεπλη·

2263 5000 2419 5069 γότες
2448 4999 2836 5071 ἀπερίϐλεπτοι
2876 4998 3097 5051 πάντων
3120 4998 3379 5067 γίνονται.
3402 4997 3618 5067 Ἕτεροι
3634 4994 3683 5048 δὲ
3708 4992 3795 5045 τῶν

2261 5094 2355 5145 ἐπὶ
2393 5093 2491 5163 τὴν
2514 5094 2688 5165 ἄγραν
2719 5092 3253 5162 παρεσκευασμένων
3268 5088 3490 5141 ὄπισθεν
3517 5086 3793 5143 ἐπελθόντες

2259 5185 2385 5247 τοὺς
2419 5185 2597 5255 ὄρνεις
2640 5183 2876 5247 εὐκόλως
2900 5180 3363 5253 συλλαμϐάνονται
3407 5180 3702 5248 θεωμένους
3722 5175 3791 5225 τὸν

2265 5275 2560 5345 ὀρχηστήν.
2604 5273 2694 5326 Διὸ
2747 5272 2882 5337 ἀξιῶ
2938 5275 3011 5344 μή
3050 5289 3136 5335 τις
3194 5275 3307 5334 τοῖς
3342 5270 3548 5341 ὁμοίοις
3587 5268 3788 5335 θαύμασι

2264 5365 2632 5433 καταπλαγεὶς
2690 5364 3069 5437 ἐξηγουμένων
3129 5363 3173 5395 ⁵⁸
3237 5364 3327 5415 τὸν
3388 5362 3611 5433 οὐρανὸν
3662 5359 3789 5424 δίκην

2262 5456 2401 5510 ὥτου
2455 5456 2730 5528 συλληφθῇ
2768 5472 2784 5489 ο
2870 5456 3096 5526 ὄρχησις
3174 5454 3215 5486 ⁵⁷
3283 5454 3393 5524 γὰρ
3449 5454 3541 5506 καὶ
3588 5447 3789 5521 λῆροςὴ

1864 5616 2101 5671 ΥΑΒΙΙΕ
2143 5614 2543 5671 LECTIONES.

699 5708 742 5739 “
766 5709 1006 5772 δοξάζειν
1036 5712 1097 5775 C,
1138 5715 1204 5770 Μ.

1308 5716 1352 5748 ⁸⁵
1378 5716 1475 5770 ἔτι.
1519 5716 1638 5768 ἐπεὶ
1674 5715 1744 5775 C.
1786 5714 1853 5769 Μ.
1924 5717 1968 5746 ⁵⁸
1996 5713 2185 5767 ταῦτα.
2216 5713 2283 5766 τὰ
2312 5715 2446 5767 αὐτά
2476 5713 2514 5769 C
2535 5754 2548 5777 ,
2588 5714 2658 5770 M.
2683 5715 2726 5745 “
2759 5713 2868 5766 οὐδ’
2898 5744 2965 5757 σ-ο
2998 5712 3106 5764 οῦδ’
3144 5711 3217 5777 (Σ,
3262 5710 3327 5764 Μ.

3425 5711 3469 5742 ⁸¹
3498 5708 3558 5759 τὰ
3592 5705 3699 5757 miti.
3731 5697 3785 5751 Μ.

594 5769 980 5857 ⁸⁸μμετάγειντ-
1011 5769 1149 5857 μετά
1177 5786 1241 5857 fl.
1281 5769 1505 5857 ἀπατᾷν,
1527 5803 1569 5840 s.
1619 5769 1825 5857 πλανᾷν
1866 5802 2011 5853 susp.
2038 5784 2120 5857 VM.
2194 5782 2239 5815 "
2271 5786 2339 5839 Dc
2377 5786 2467 5839 bat
2514 5769 2733 5855 captura
2762 5786 2834 5839 cf.
2872 5785 3068 5837 Atbcn.
3103 5769 3274 5851 lX,rp.
3311 5780 3414 5836 5th
3445 5781 3503 5847 D,
3538 5776 3648 5840 ΜΡ
3676 5769 3789 5827 κατέι

595 5850 776 5904 πᾶσαν
813 5865 895 5921 pt'.
943 5850 1019 5907 (ὲ,
1078 5853 1125 5885 ³⁸
1150 5850 1511 5927 ἐξηγούμενον
1537 5858 1600 5911 C.
1673 5857 1716 5888 "
1742 5850 1971 5928 ὀρχησίκ
2008 5856 2070 5910 C.
