4002 6526
164 432 225 496 ‘31
244 432 303 497 i9

1290 441 1586 501 CONTRA
1622 446 1965 510 HERESES
2006 452 2149 512 LIB.
2188 455 2285 516 IV.

3268 479 3408 544 3120

172 547 429 617 ἁριθμους
464 546 768 618 παραδούς⁶
816 548 964 603 δοκεῖ
996 550 1131 619 μηδὲ
1179 550 1338 606 τοῦτο
1386 555 1701 625 παραλιπεῖη

1804 598 1813 620 ι
1844 577 1910 619 ne
1934 565 2034 619 hoc
2056 568 2270 636 quidem
2299 574 2733 645 praetermittere,
2752 583 2869 648 sed,
2903 585 2990 641 ubi
3019 592 3202 658 paucis
3224 606 3408 649 osten-

170 639 296 693 ἀλλά
322 639 411 692 διὰ
430 639 697 708 συντόμου
714 639 995 703 δείξαντας
1014 642 1108 693 ἐπὶ
1132 641 1228 712 τήν
1256 643 1362 695 τῶν
1382 644 1732 715 ζητουμένων

167 728 432 793 ἀπόδειξιν
460 728 729 799 χωρῆσαι.
756 728 1051 797 Γεγόνασιν
1083 729 1442 801 ἀριθμητικοὶ
1473 734 1567 786 καὶ
1595 750 1733 800 γεω-

172 818 355 887 μέτραι
420 818 491 881 ",
535 814 614 879 οἷς
658 816 891 887 μάλιστα
936 816 1036 880 τὰς
1090 819 1267 889 ἀρχὰς
1321 823 1731 891 παρεσχηκέναι

166 908 302 959 δοκεί
334 907 549 977 πρῶτος
580 906 905 977 Πυθαγόρας
930 924 942 937 ·
970 909 1064 960 καὶ
1098 904 1243 962 οὗτοι
1268 909 1314 940 ’⁸
1342 910 1450 962 τῶν
1478 910 1728 981 ἀριθμῶν

167 999 237 1055 εἰς
262 996 489 1065 ἄπειρον
522 995 609 1048 ἀεὶ⁸
650 997 957 1065 προχωρεῖν
990 996 1302 1066 δυναμένων
1339 998 1415 1067 τῷ
1450 999 1725 1052 πολυπλα-

168 1086 372 1156 σιασμῷ
396 1087 625 1146 καὶτοῖς
648 1084 891 1156 σχήμασι
912 1085 1007 1149 τὰς
1032 1085 1252 1157 πρώτας
1270 1088 1460 1142 ἔλαϐον
1486 1092 1659 1160 ἀρχὰς
1681 1093 1725 1125 ’⁷

165 1179 312 1232 οἱονεὶ
353 1177 637 1248 θεωρητὰς
690 1179 835 1248 μόνῳ
877 1177 955 1247 τῷ
994 1179 1156 1249 λόγῳ.
1205 1180 1547 1253 Γεωμετρίας
1593 1183 1722 1252 γάρ,

164 1268 232 1331 ὡς
260 1268 403 1320 ἔστιν
450 1269 665 1331 ἐνιδεῖν,
721 1269 945 1339 σημεῖόν
977 1271 1123 1323 ἐστιν
1157 1272 1300 1343 ἀρχὴ
1349 1275 1550 1345 ἀμερὲς
1575 1316 1588 1337 ,
1628 1278 1722 1330 ἀπ’

165 1358 357 1413 ἐκείνου
384 1358 442 1411 δὲ
476 1359 568 1413 τοῦ
599 1360 824 1431 σημείου
850 1364 916 1431 τῇ
945 1363 1161 1434 τέχνῃή
1192 1365 1300 1417 τῶν
1331 1366 1572 1438 ἀπείρων
1600 1387 1723 1440 σχηο

166 1455 333 1522 μάτων
359 1452 468 1507 ἀπὸ
510 1452 606 1507 τοῦ
653 1454 878 1524 σημείου
909 1456 1120 1522 γένεσις
1158 1457 1491 1529 εὑρίσκεται.
1562 1462 1719 1516 Ῥυὲν

160 1547 255 1617 γὰρ
277 1546 337 1599 τὸ
378 1549 607 1616 σημεῖον
668 1549 677 1618 |
739 1549 833 1602 ἐπὶ
864 1550 1037 1619 μῆκος
1073 1551 1281 1619 γίνεται
1324 1557 1556 1627 γραμμὴ
1585 1559 1719 1627 μετὰ

159 1639 245 1708 τήν
272 1638 422 1707 ῥύσιν
449 1678 462 1701 ,
504 1639 676 1709 πέρας
713 1639 913 1709 ἔχουσα
947 1644 1188 1712 σημεῖον,
1240 1646 1471 1717 γραμμὴ
1524 1648 1579 1700 δὲ
1626 1650 1717 1701 ἐπὶ

161 1734 341 1795 πλάτος
381 1735 576 1802 ῥυεῖσα
624 1732 878 1788 ἐπίπεδον
917 1737 1100 1807 γεννᾷ,
1131 1737 1342 1807 πέρατα
1374 1739 1430 1791 δὲ
1463 1739 1558 1793 τοῦ
1592 1742 1713 1792 ἐπι-

161 1824 302 1876 πέδου
328 1825 613 1896 γραμμαὶ,
651 1825 906 1877 ἐπίπεδον
936 1825 992 1879 δὲ
1045 1827 1173 1897 ῥυὲν
1208 1830 1285 1891 εἰς
1321 1828 1482 1895 βάθος
1509 1830 1712 1898 γίνεται

161 1912 303 1981 σῶμα
326 1930 338 1943 ·
374 1912 600 1983 στερεοῦ
641 1912 697 1965 δὲ
729 1914 1089 1985 ὑπάρξαντος,
1128 1915 1303 1981 οὕτως
1341 1918 1401 1982 ἐξ
1429 1919 1708 1989 ἐλαχίστου
1748 1915 1784 1966 Β

162 2004 368 2073 σημείου
399 2004 683 2067 παντελῶς
727 2006 759 2076 ἡ
809 2007 901 2059 τοῦ
936 2007 1169 2075 μεγάλου
1219 2008 1471 2080 σώματος
1502 2011 1704 2081 ὑπέστη

158 2096 316 2165 φύσις,
355 2098 449 2150 κα)⁵
496 2096 656 2149 τοῦτό
688 2099 832 2151 ἐστιν
863 2098 891 2151 ὃ
932 2097 1078 2166 λέγει
1114 2100 1293 2169 Σίμων
1324 2098 1493 2163 οὕτως
1521 2101 1593 2133 ’δ’
1636 2102 1705 2154 Τὸ

153 2186 344 2255 μικρὸν
364 2187 521 2257 μέγα
544 2187 621 2259 [μ.
654 2189 736 2243 89.
769 2188 859 2260 90]
886 2191 1053 2243 ἔσται
1068 2192 1245 2244 οἱονεὶ
1265 2192 1517 2260 σημεῖον
1531 2192 1621 2252 ὃν,
1637 2193 1703 2244 τὸ

155 2278 355 2347 δὲμέγα
371 2281 732 2348 ἀπέραντον,
754 2282 1168 2339 κατακολουθῶν
1188 2284 1253 2314 ’δ’
1268 2283 1346 2352 τῷ
1362 2301 1472 2353 γεω
1480 2302 1704 2354 μετρου-

158 2370 283 2439 μένῳ
311 2372 520 2442 σημείῳ
547 2373 611 2424 ³’.
649 2372 760 2439 Τῆς
794 2372 850 2425 δὲ
874 2373 1241 2443 ἀριθμητικῆς
1270 2375 1412 2428 κατὰ
1455 2376 1702 2428 σύνθεσιν

154 2463 356 2532 ἐχούσης
376 2464 475 2533 τὴν
496 2464 819 2533 φιλοσοφίαν
848 2465 1079 2535 ἀριθμὸς
1117 2468 1335 2536 γέγονεν
1368 2469 1530 2539 ἀρχὴ,
1567 2471 1702 2539 ὅπερ

155 2554 279 2605 ἐστὶν
305 2555 576 2624 ἀόριστον,
610 2556 1014 2627 ἀκατάληπτον,
1042 2556 1180 2627 έχων
1207 2561 1265 2611 ὲν
1297 2560 1475 2628 ἐαυτῷ
1496 2562 1702 2623 πάντας

153 2646 257 2708 τοὺς
285 2648 365 2699 ἐπ’
399 2647 629 2717 ἄπειρον
667 2649 838 2701 ἐλθεῖν
885 2650 1211 2719 δυναμένους
1259 2654 1525 2722 ἀριθμοὺς
1560 2655 1700 2706 κατὰ

154 2736 202 2789 τὸ
234 2736 443 2808 πλῆθος.
479 2740 605 2792 Τῶν
642 2740 698 2793 δὲ
730 2740 981 2811 ἀριθμῶν
1016 2742 1157 2812 ἀρχὴ
1198 2743 1388 2812 γέγονε
1421 2744 1544 2797 καθ’
1567 2745 1698 2797 ὑπό-

154 2844 317 2881 στασιν
352 2831 384 2900 ἡ
423 2831 620 2902 πρώτη
657 2833 847 2901 μονάς,
886 2832 1009 2903 ήτις
1047 2835 1163 2886 ἐστὶ
1198 2835 1365 2904 μονάς
1394 2837 1567 2906 ἄρσην
1606 2839 1695 2900 ”',

152 2921 367 2985 γεννῶσα
408 2923 693 2992 πατρικῶς
733 2924 857 2988 τοὺς
904 2926 1096 2989 ἄλλους
1149 2927 1356 2991 πάντας
1408 2929 1695 2998 ἀριθμούς.

152 3009 383 3081 Δεύτερον
416 3014 449 3082 ή
478 3012 615 3076 δυάς
647 3012 694 3046 ³ο
743 3015 906 3085 θῆλυς
947 3017 1199 3088 ἀριθμὸς,
1230 3020 1258 3071 ὁ
1307 3018 1363 3071 δὲ
1403 3018 1562 3082 αὐτὸς
1604 3022 1696 3073 καὶ

152 3099 309 3171 ἄρτιος
362 3102 465 3156 ὑπὸ
520 3104 632 3157 τῶν
680 3105 1059 3176 ἀριθμητικῶν
1102 3108 1367 3161 καλεῖται.
1425 3109 1617 3179 Τρίτον
1660 3112 1693 3180 ή

152 3194 283 3260 τριάς
310 3195 540 3265 ἀριθμὸς
571 3195 743 3267 ἄρσην
761 3198 801 3229 ³¹
820 3214 834 3229 ο
866 3191 1019 3261 οὗτος
1044 3200 1137 3252 καὶ
1165 3200 1421 3269 περισσὸς
1451 3200 1555 3253 ὑπὸ
1587 3202 1694 3253 τῶν

152 3283 496 3357 ἀριθμητικῶν
556 3289 975 3361 νενομοθέτηται
1025 3291 1322 3345 καλεῖσθαι.
1372 3294 1486 3362 Ἐφ’
1521 3292 1692 3346 ἅπασι

152 3383 196 3435 δὲ
216 3384 406 3449 τούτοις
429 3388 462 3456 ή
499 3388 703 3456 τετρὰς
730 3387 895 3457 θῆλυς
926 3388 1175 3458 ἀριθμὸς,
1206 3391 1233 3442 ὁ
1261 3389 1317 3442 δὲ
1344 3390 1506 3453 αὐτὸς
1534 3384 1690 3455 οὗτος

150 3477 226 3526 καὶ
251 3476 425 3547 ἄρτιος
452 3477 742 3543 καλεῖται,
787 3480 871 3532 ὅτι
909 3480 1076 3549 θῆλύς
1107 3483 1240 3534 ἐστι.
1278 3482 1568 3549 Γεγόνασιν
1598 3478 1690 3535 οὖν

150 3568 189 3617 οἱ
210 3571 390 3631 πάντες
418 3570 644 3640 ἀριθμοὶ
674 3570 966 3641 ληφθέντες
1005 3571 1113 3625 ἀπὸ
1141 3570 1330 3639 γένους
1356 3573 1400 3603 ³³
1430 3571 1690 3643 τέσσαρες

152 3656 382 3727 (ἀριθμὸς
409 3660 463 3713 δὲ
494 3657 567 3732 ἦν
596 3661 657 3714 τὸ
684 3663 839 3731 γένος
866 3664 1142 3735 ἀόριστος)
1165 3703 1180 3727 ,
1210 3664 1301 3735 ἀφ’
1324 3659 1400 3719 ὧν
1430 3668 1457 3718 ὁ
1487 3667 1690 3730 τέλειος

150 3748 301 3813 αὐτοῖς
329 3751 562 3822 ἀριθμὸς
591 3754 919 3824 συνέστηκεν
949 3757 981 3824 ἡ
1014 3755 1194 3819 δεκάς.
1229 3757 1301 3808 Τὸ
1327 3757 1433 3824 γὰρ
1462 3757 1539 3820 ἓν,
1575 3757 1687 3823 δύο,

148 3840 268 3908 τρία,
313 3844 556 3917 τέσσαρα
593 3847 799 3913 γίνεται
844 3848 996 3913 δέκα,
1052 3849 1126 3911 ὡς
1174 3851 1686 3919 προαποδέδεικται,

150 3930 226 3983 ἐὰν
250 3935 450 4007 ἑκάστῳ
488 3937 603 3990 τῶν
634 3937 644 4007 Ι
675 3936 924 4008 ἀριθμῶν
975 3940 1313 4009 φυλάττηται
1354 3941 1473 3994 κατ’
1502 3943 1686 3995 οὐσίαν

148 4018 291 4091 ὄνομα
322 4024 381 4077 τὸ
406 4028 614 4080 οἰκεῖον
655 4026 721 4079 ³⁸.
760 4022 906 4098 Α’ύτη
950 4029 1096 4081 ἐστὶν
1128 4030 1159 4098 ή
1195 4028 1336 4082 κατὰ
1366 4029 1687 4101 Πυθαγόραν

150 4108 247 4178 ἱερὰ
269 4116 564 4184 τετρακτὺς
599 4117 823 4173 ἀεννάου
870 4118 1085 4188 φύσεως
1117 4119 1380 4190 ριζώματ’
1412 4121 1607 4191 ἔχουσα
1629 4124 1688 4175 ἐν

149 4199 320 4273 ἑαυτῇ,
351 4206 604 4259 τουτέστι
654 4207 784 4271 τοὺς
817 4209 1012 4271 ἄλλους
1054 4209 1266 4273 πάντας
1303 4211 1571 4281 ἀριθμούς
1594 4228 1607 4242 ·
1658 4212 1688 4265 ὁ

148 4292 237 4361 γάρ
285 4293 329 4325 ³⁸
358 4296 554 4350 ἕνδεκα
599 4298 694 4351 καὶ
741 4298 946 4351 δώδεκα
980 4300 1072 4353 καὶ
1102 4302 1151 4352 οἱ
1190 4301 1363 4355 λοιποὶ
1389 4304 1490 4374 τὴν
1514 4304 1687 4375 ἀρχὴν

148 4381 227 4450 τῆς
248 4386 500 4452 γενέσεως
529 4388 638 4442 ἀπὸ
665 4390 773 4443 τῶν
802 4390 933 4445 δέκα
968 4391 1323 4462 λαμϐάνουσι.
1351 4395 1566 4467 Ταύτης
1588 4398 1687 4468 τῆς

147 4469 353 4539 δεκάδος,
381 4478 473 4532 τοῦ
513 4479 720 4534 τελείου
751 4481 1007 4552 ἀριθμοῦ,
1043 4482 1111 4536 τὰ
1150 4486 1393 4557 τέσσαρα
1442 4488 1685 4543 καλεῖται

1816 656 2097 719 ¹ἀίει-ἰηιιιε,
2131 660 2198 712 ad
2245 675 2305 715 ea
2338 679 2457 732 qua:
2511 671 2791 728 consilium
2847 687 2930 731 est
2981 656 3402 743 demonstranda

1834 750 2102 817 progredi.
2137 750 2473 809 Exstiterunt
2504 760 2826 818 arithmetici
2859 776 2912 820 et
2938 784 3248 839 geometrae,
3285 780 3404 845 qui-

1834 838 1937 892 bus
1971 852 2166 906 praeter
2198 854 2424 900 caeteros
2455 847 2687 905 fomenta
2724 856 3016 921 praebuisse
3048 864 3259 919 videtur
3294 838 3403 937 pri-

1831 941 1951 984 mus
1986 931 2344 1002 Pythagoras,
2375 937 2520 1008 iique
2550 956 2577 994 a
2606 948 2864 1009 numeris,
2899 952 2989 1020 qui
3032 953 3083 1007 in
3132 931 3395 1013 infinitum

1830 1023 2238 1093 multiplicando
2270 1034 2517 1102 progredi
2550 1047 2793 1104 possunt,
2826 1042 2986 1096 etiam
3012 1044 3197 1115 ﬁguris
3228 1050 3396 1118 prima

1828 1115 2089 1187 principia
2119 1135 2464 1192 sumpserunt
2526 1137 2780 1197 tanquam
2830 1133 2943 1189 sola
3005 1149 3185 1192 mente
3220 1142 3397 1207 perci-

1827 1206 2038 1273 pienda.
2076 1209 2397 1269 Geometrire
2430 1217 2570 1271 enim
2600 1258 2615 1284 ,
2645 1230 2703 1273 ut
2740 1220 2863 1276 licet
2889 1225 3105 1291 videre,
3140 1206 3390 1294 punctum

1825 1295 2114 1352 indivisum
2147 1311 2227 1355 est
2255 1304 2574 1374 principium
2602 1324 2615 1369 ;
2652 1311 2721 1363 ab
2752 1310 2840 1363 illo
2871 1322 3047 1367 autem
3077 1327 3271 1385 puncto
3300 1333 3394 1385 per

1823 1395 1994 1439 artem
2026 1388 2355 1446 inﬁnitarum
2402 1394 2688 1462 ﬁgurarum
2731 1414 2758 1450 a
2800 1411 3001 1468 puncto
3027 1404 3271 1471 genitura
3309 1419 3393 1457 re-

1821 1480 2040 1549 petitur.
2065 1478 2165 1535 Ubi
2190 1483 2329 1535 euim
2354 1487 2613 1552 processit
2630 1499 2882 1557 pum-tum
2905 1492 2955 1545 in
2984 1492 3389 1563 longitudinem,

1820 1572 2033 1625 exsistit
2073 1572 2212 1627 linea
2243 1584 2367 1643 post
2394 1592 2732 1643 processum,
2764 1598 2882 1650 qua:
2911 1586 3194 1639 terminum
3228 1586 3390 1642 liabet

1819 1674 2111 1731 punctum;
2144 1666 2281 1718 linea
2310 1678 2486 1721 autem
2514 1685 2634 1723 cum
2665 1671 2715 1724 in
2743 1672 3073 1728 latitudinem
3103 1680 3385 1743 processit,

1818 1755 2095 1822 planitiem
2126 1757 2315 1824 gignit,
2340 1757 2549 1811 termini
2573 1768 2751 1813 autem
2780 1761 3017 1829 planitiei
3046 1774 3168 1819 sunt
3191 1765 3382 1829 linem;

1817 1842 2064 1909 planities
2091 1856 2265 1898 autem
2287 1861 2406 1900 cum
2434 1850 2699 1914 processit
2718 1850 3143 1915 iualtitudinem,
3173 1857 3384 1909 exsistit

1814 1946 2026 2001 corpus.
2069 1932 2166 1988 Ubi
2202 1944 2381 1989 autem
2417 1937 2630 1992 firmum
2656 1955 2853 2010 corpus
2883 1944 3120 2003 exstitit,
3161 1944 3213 1997 in
3244 1947 3385 2000 hunc

1817 2022 2028 2074 modum
2059 2037 2125 2076 ex
2175 2024 2400 2078 ntinimo
2434 2021 2635 2095 puncio
2670 2046 2890 2099 prorsus
2935 2034 3111 2102 magni
3142 2037 3384 2103 corporis

1815 2110 2027 2165 fundata
2056 2123 2135 2166 est
2162 2124 2352 2169 natura
2380 2156 2394 2180 ,
2448 2120 2608 2188 idque
2642 2124 2891 2190 estquod
2918 2123 3104 2178 Simon
3152 2125 3203 2179 iu
3241 2127 3386 2180 bunc

1812 2206 2024 2255 modum
2054 2204 2247 2275 126-
2266 2206 2423 2277 127
2451 2209 2671 2263 emitur:
2704 2210 2963 2281 Exiguum
2992 2231 3235 2283 magnum
3262 2219 3381 2281 erit,

1812 2302 2055 2363 tanquam
2086 2313 2332 2363 puncxum
2352 2302 2488 2367 quod
2510 2312 2606 2366 est,
2630 2318 2873 2372 magnum
2894 2316 3068 2359 mrtem
3092 2309 3382 2377 inﬁnitum,

1811 2390 2003 2457 quippe
2035 2403 2248 2444 secutus
2273 2403 2524 2461 punctum
2548 2406 2969 2464 geometrarum.
3002 2400 3376 2456 Arithmeticze

1809 2492 1986 2534 autem
2022 2482 2349 2537 continentis
2375 2500 2468 2551 per
2496 2488 2945 2557 compositionem
2983 2491 3376 2562 plriloSOpltiam

1808 2588 2065 2627 numerus
2096 2576 2302 2628 exstitit
2336 2576 2656 2645 principium
2679 2620 2694 2643 ,
2729 2579 2778 2632 id
2806 2581 2945 2648 quod
2974 2591 3055 2635 est
3086 2584 3375 2646 infinitum,

1809 2664 2317 2731 incoruprebensum
2343 2705 2356 2728 ,
2399 2666 2603 2722 habens
2634 2669 2682 2721 in
2710 2686 2765 2723 se
2790 2686 2977 2725 omnes
3010 2674 3100 2741 qui
3153 2686 3377 2741 possmtt

1808 2756 1859 2807 in
1911 2755 2173 2807 inﬁnitum
2227 2771 2321 2824 per
2366 2758 2761 2814 multitudinem
2799 2764 3044 2833 progredi
3095 2780 3371 2821 numeros.

1805 2844 2162 2899 Numerorum
2191 2858 2367 2901 autem
2401 2850 2724 2920 principium
2754 2855 2965 2907 exstitit
2997 2870 3093 2921 per
3122 2857 3373 2911 substan-

1806 2936 1932 2988 tiam
1970 2937 2141 3004 prima
2182 2952 2371 2992 monas
2398 2979 2411 3002 ,
2442 2954 2560 3008 qure
2603 2942 2817 3009 quidem
2852 2953 2935 2997 est
2968 2961 3154 2999 monas
3181 2946 3369 3009 virilis,

1804 3042 2093 3095 procrearis
2130 3039 2351 3097 paterne
2394 3031 2626 3099 reliquos
2652 3048 2840 3089 omnes
2876 3052 3148 3093 numeros.
3189 3039 3372 3094 Altero

1803 3118 1917 3171 loco
1950 3120 2111 3189 dyas,
2170 3120 2431 3177 femineus
2466 3139 2725 3179 numerus
2748 3165 2760 3185 ,
2798 3126 2934 3180 idem
2970 3136 3145 3183 autem
3174 3140 3228 3185 et
3274 3146 3373 3200 par

1801 3210 1868 3263 ab
1905 3212 2264 3267 arithmeticis
2293 3214 2608 3283 appellatur.
2645 3217 2887 3272 Tertium
2925 3221 3075 3285 trias,
3114 3239 3370 3280 numerus

1799 3301 2014 3367 virilis;
2068 3303 2153 3357 hic
2194 3314 2246 3357 et
2298 3305 2469 3375 impar
2514 3309 2580 3361 ab
2612 3308 2970 3366 aritlttueticis
3000 3315 3174 3367 vocari
3211 3315 3366 3370 solet.

1792 3392 1995 3447 Przcter
2027 3395 2121 3448 ltos
2151 3411 2338 3451 omnes
2368 3406 2543 3451 autem
2574 3409 2759 3463 tetras,
2801 3402 3064 3457 femineus
3093 3421 3365 3473 numerus,

1792 3484 1932 3539 idem
1964 3497 2140 3540 autem
2174 3488 2260 3541 hic
2302 3500 2355 3543 et
2385 3505 2481 3559 par
2514 3501 2769 3557 vocatur,
2824 3496 2914 3563 qui
2948 3495 3213 3553 fetnineus
3261 3511 3365 3554 est.

1792 3575 1931 3629 Sunt
1963 3578 2127 3645 igitur
2168 3578 2402 3633 universi
2439 3583 2645 3635 numeri
2680 3585 2878 3651 sumpti
2915 3588 3208 3653 generatim
3241 3603 3366 3656 qna-

1795 3676 1916 3720 tuor
1962 3668 2254 3734 (tunnerus
2296 3680 2474 3724 autent
2507 3682 2625 3727 erat
2672 3675 2736 3727 ad
2768 3691 2954 3729 sexum
3004 3678 3361 3747 indelinitus),

1793 3761 1934 3812 unde
1963 3761 2233 3827 perfectus
2266 3762 2369 3814 illis
2406 3778 2659 3818 numerus
2709 3767 2916 3820 exstitit
2963 3766 3140 3823 deeas.
3187 3769 3360 3824 Unum

1790 3850 1955 3911 enim,
1998 3849 2124 3911 duo,
2159 3852 2255 3903 tria
2283 3891 2297 3916 ,
2331 3860 2560 3919 quatttor
2589 3853 2825 3910 eﬂiciunt
2852 3858 3033 3912 decem
3054 3899 3069 3924 ,
3112 3870 3167 3913 ut
3199 3877 3357 3930 supra

1790 3937 2222 3991 demonstratum
2252 3950 2355 4002 est,
2391 3955 2510 3993 cum
2544 3942 2767 4009 singulis
2798 3946 3035 3999 numeris
3065 3962 3356 4001 conserva-

1788 4029 1931 4082 bitur
1958 4044 2020 4083 ex
2050 4044 2105 4083 re
2134 4031 2483 4085 domesticum
2511 4046 2724 4086 nomen.
2762 4033 2887 4088 llaec
2927 4046 3009 4089 est
3043 4034 3129 4090 illa
3164 4035 3360 4107 Pytha-

1789 4135 1934 4190 gorae
1965 4136 2118 4175 sacra
2149 4131 2402 4193 tetractys
2432 4134 2703 4191 perpetua:
2739 4140 2947 4181 natura:
2976 4129 3261 4184 continens
3301 4130 3354 4185 in

1788 4224 1849 4263 se
1879 4210 2110 4277 radices,
2148 4212 2249 4266 hoc
2278 4223 2360 4266 est
2393 4213 2628 4282 reliquos
2654 4230 2842 4270 omnes
2868 4233 3154 4285 numeros;
3192 4222 3361 4277 unde-

1788 4302 1961 4356 cimus
1989 4303 2132 4356 enim
2158 4318 2412 4357 numerus
2438 4315 2491 4359 et
2524 4305 2875 4364 duodecimus
2905 4318 2957 4364 et
2990 4310 3177 4382 reliqui
3211 4316 3357 4382 prin-

1787 4391 1984 4459 cipium
2017 4393 2385 4462 generationis
2407 4410 2434 4446 a
2459 4410 2683 4451 numero
2702 4399 2790 4466 qui
2814 4408 2896 4453 est
2912 4403 3094 4457 decem
3116 4415 3355 4460 sumunt.

1788 4479 1957 4548 Hujus
1994 4483 2209 4537 deeadis
2230 4523 2245 4549 ,
2278 4482 2502 4553 perfecti
2536 4487 2781 4553 numeri,
2830 4499 3065 4557 quatuor
3095 4502 3359 4547 vocantur

150 4562 281 4635 μέρη·
308 4569 559 4642 ἀριθμὸς,
588 4572 774 4642 μονάς,
799 4573 1048 4644 δύναμις,
1075 4576 1259 4640 κύϐος,
1287 4572 1368 4641 οἷς
1389 4578 1682 4632 ὲπιπλοκαὶ

1804 4583 2005 4627 )artes:
2037 4588 2326 4637 numerus,
2358 4590 2576 4640 mouas,
2618 4588 2891 4645 potestas,
2925 4581 3113 4645 cubus,
3159 4580 3356 4652 quibus

148 4654 225 4705 καὶ
251 4658 415 4725 μίξεις
448 4660 589 4732 πρὸς
623 4662 835 4730 γένεσιν
862 4664 1144 4734 αὐξήσεως
1170 4667 1214 4698 ⁸⁸
1239 4667 1503 4735 γίνονται,
1543 4670 1683 4723 κατὰ

147 4744 282 4808 φύσιν
316 4751 402 4804 τὸν
430 4754 656 4823 γόνιμον
702 4755 936 4825 ἀριθμὸν
976 4756 1349 4811 ὲπιτελοῦσαιο
1398 4760 1526 4813 ὅταν
1573 4762 1683 4830 γάρ

145 4830 341 4907 δύναμις
376 4844 515 4913 αὑτὴ
563 4844 610 4875 ⁸⁸
658 4845 741 4913 ἐφ’
780 4846 977 4917 ἑαυτὴν
1014 4847 1405 4918 κυϐισθήσεται
1434 4892 1448 4917 ,
1492 4853 1682 4919 γέγονε

144 4924 571 5006 δυναμοδύναμις,
607 4936 735 4989 ὅταν
771 4938 828 4990 δὲ
875 4937 1103 5007 δύναμις
1151 4940 1243 4993 ἐπὶ
1274 4941 1460 5005 κύϐον,
1491 4944 1683 5011 γέγονε

145 5012 503 5088 δυναμόκυϐος,
544 5025 670 5077 ὅταν
708 5025 764 5078 δὲ
800 5026 966 5090 κύϐος
996 5028 1087 5080 ἐπὶ
1131 5027 1326 5091 κύϐον,
1353 5029 1543 5097 γέγονε
1580 5048 1680 5084 κυ-

147 5104 346 5175 εόκυϐος
370 5114 433 5146 ⁸⁷³
464 5116 539 5180 ὼς
564 5118 807 5185 γίνεσθαι
831 5121 957 5182 τοὺς
991 5119 1198 5183 πάντας
1221 5120 1487 5190 ἀριθμοὺς
1517 5121 1678 5188 ἑπτὰ,

147 5194 216 5250 ἵνα
237 5201 266 5273 ή
291 5205 393 5259 τῶν
428 5210 738 5280 γενομένων
767 5210 982 5280 γένεσις
1004 5211 1229 5283 γένηται
1274 5214 1331 5279 ἐξ
1363 5212 1675 5283 ἑϐδομάδος,

1788 4664 2139 4733 implexioues
2213 4673 2266 4719 et
2305 4666 2585 4721 mistiones
2638 4668 2704 4723 ad
2763 4672 3162 4739 generationem
3216 4689 3351 4742 aug-

1788 4756 1950 4809 menti
1984 4754 2139 4821 liunt,
2172 4771 2237 4809 ex
2268 4765 2455 4809 natura
2496 4768 2862 4825 generatorem
2929 4778 3208 4816 numerum
3243 4763 3355 4817 eili-

1784 4846 2010 4901 eieutes.
2045 4847 2145 4902 Ubi
2178 4849 2321 4900 enim
2364 4859 2599 4917 potestas
2646 4850 2758 4918 ipsa
2794 4851 3234 4921 multiplicabitur
3261 4870 3351 4909 se-

1785 4958 1908 4997 cum
1946 4945 2082 5013 ipsa,
2119 4944 2331 4998 exsistit
2369 4947 2884 5017 dynamodynamis,
2919 4948 3007 5002 ubi
3044 4961 3220 5004 autent
3256 4968 3352 5020 po-

1785 5044 1949 5090 testas
1976 5051 2095 5089 cum
2132 5036 2304 5101 cubo,
2332 5039 2539 5091 exstitit
2568 5038 3003 5109 dynamocubus,
3040 5043 3127 5097 ubi
3168 5053 3346 5099 autem

1784 5126 1953 5180 cubus
1976 5141 2099 5179 cum
2136 5128 2294 5188 cubo,
2327 5129 2541 5183 exsistit
2574 5131 2905 5196 cuboeubus,
2938 5144 2991 5187 ut
3022 5149 3211 5189 omnes
3251 5152 3350 5188 utr-

1785 5214 1917 5268 meri
1948 5214 2075 5268 ﬁant
2119 5226 2349 5287 septem,
2381 5235 2489 5287 quo
2527 5232 2737 5285 eorum,
2769 5238 2887 5291 qua:
2915 5232 3166 5293 generata
3198 5234 3345 5289 sunt,

1374 5348 1612 5406 VARIAL‘
1652 5352 2055 5413 LECTIONES.

1358 5480 1386 5506 τ’

234 5473 273 5557 ξ’
303 5478 657 5557 ἀρῲᾔμητικαι
675 5555 691 5557 _
716 5484 1051 5557 γεωμετρίας.
1102 5484 1143 5539 C

1330 5486 1497 5559 eiurat.
1545 5489 1761 5559 τούτων
1802 5491 1862 5556 C,
1910 5491 1981 5546 cl'.
2032 5492 2181 5547 Sext.
2235 5493 2386 5559 πει-ι).

143 5534 278 5630 1.“.
310 5534 355 5601 οῖ
378 5534 466 5630 ξι.
493 5534 1189 5630 ἰιιζίτξςίῐτὸἶέιῖῗὸκῷι.
1260 5558 1304 5588 ιε
1335 5534 1778 5630 ὄιῗῖωὲᾗίῗὶῖι
1800 5534 1891 5621 τι.
1911 5534 2615 5630 ιιι,ῑςηιίςηηέηιωτ

2430 5511 2480 5564 ρ.
2521 5497 2622 5549 εει
2659 5497 2726 5551 ιι.

2656 5569 2717 5621 14
2752 5578 2799 5619 ιιι
2828 5586 2875 5623 ρ.
2906 5569 2992 5630 17,
3017 5584 3069 5626 υ.
3112 5569 3226 5628 1⁷2,
3254 5570 3345 5625 5U.

2829 5501 2874 5532 ³⁷
2914 5513 3034 5565 sqq.
3080 5497 3160 5552 Ci.
3212 5499 3351 5555 infra

682 5608 687 5609 ,
838 5608 846 5609 ,
972 5608 1043 5610 ν,
1178 5608 1186 5609 ,
1350 5608 1488 5612 κ
2065 5608 2356 5624 .-
2501 5608 3344 5630 .ν....τ......,,,..-,υν.

143 5608 639 5708 ἒξζκξιτμκολούθοῦν
656 5608 718 5688 C,
745 5624 812 5679 M.
883 5627 926 5657 ¹⁹
960 5641 1078 5708 sqq:
1110 5626 1338 5708 Prorsus
1367 5627 1561 5708 similia
1594 5608 2095 5708 leguntursupraﬂ'l.
2117 5633 2166 5708 _l_,
2199 5635 2331 5708 «κβ,
2355 5651 2427 5708 p._
2450 5636 2530 5695 l0,
2561 5636 2791 5699 2i—l‘2,
2826 5641 2912 5693 52.
2995 5641 3061 5708 ’θ’
3097 5640 3254 5708 άρσις
3285 5641 3344 5692 C.

147 5677 609 5778 ξζὴξράξιωερ..
649 5677 977 5778 “apertae.
1005 5677 1096 5727 ""5
1123 5677 1230 5778 gub
1249 5677 2859 5778 asas}:seizgs'gsasg1::ir“."ﬁféLJaggeogfagzzzs’
2864 5678 2924 5763 ὃ.
3004 5707 3046 5740 εδ
3079 5677 3260 5778 ὄξὲιὲ
3286 5677 3349 5761 ἷἷὸ

145 5748 231 5836 ζάρ
252 5754 310 5836 (ἱ,
342 5748 410 5836 Μἔ
482 5748 776 5836 ’ξγένεσιί
796 5748 1097 5836 αὐξήσεως.
1129 5748 1420 5823 ἕνωσίν-,ἰ

146 5815 468 5894 δυναμόκυϐος
498 5832 557 5888 C.

1460 5806 1473 5821 .
1508 5768 1683 5839 ήσεως
1707 5772 1768 5838 C,
1804 5772 1889 5839 M;
1925 5771 1996 5829 cf.
2031 5787 2189 5842 supra
2221 5789 2271 5845 ιιι
2306 5775 2389 5842 10,
2420 5768 2505 5830 i6.
2580 5775 2623 5807 ³⁸
2648 5780 2783 5849 αὕτη
2816 5781 2874 5835 L‘.
2946 5780 2990 5818 ³⁷
3027 5768 3343 5841 κυϐὁκύϐος.
