4002 6522
618 412 752 480 3121

2102 420 2470 483 ORIGENIS

3727 436 3848 500 3122

621 533 899 605 generatio
929 532 1111 587 ﬁatex
1160 532 1532 594 hebdomade.
1588 548 1708 602 qua:
1764 544 1848 590 est
1905 550 2179 601 numerus,

2291 538 2413 607 ἥτις
2454 538 2603 593 ἐστίν
2622 554 2637 570 ’
2670 538 2938 611 ἀριθμὸς,
2971 540 3138 612 μονὰς
3163 583 3181 608 ,
3208 544 3456 615 δύναμις,
3493 548 3679 613 κύϐος,
3709 554 3847 607 ausa.

626 634 837 687 tuOuas,
870 631 1128 690 potestas,
1161 620 1352 684 cubus,
1387 622 1906 692 dyuamodynamis,
1939 626 2200 696 dynamo-

2304 628 2636 699 μοδύναμις,
2684 631 3098 702 δυναμόκυϐος,
3150 634 3471 701 κυϐόκυϐος.
3510 640 3722 713 Ταύτην
3764 647 3847 713 τὴν

625 713 826 779 cubus,
873 712 1201 775 ratbocubus.
1263 711 1416 767 Hanc
1470 711 1858 770 hebdomadem
1912 716 2097 771 Simon
2145 732 2175 773 e

2303 721 2574 793 ἑϐδομάδα
2604 722 2787 793 Σίμων
2820 725 2916 779 καὶ
2944 726 3297 792 Οὐαλεντῖνος
3323 729 3583 800 ὀνόμασιν
3608 711 3845 791 ἐνδιαλλά-

628 804 975 866 Valentinus,
1013 803 1321 859 nominibus
1358 805 1726 870 commutatis,
1764 804 1819 860 in
1874 808 2196 864 miraculum

620 904 1052 961 exornaverunt,
1086 894 1229 949 unde
1262 901 1639 965 argumentum
1683 895 1786 950 sibi
1830 898 2195 967 arripuerunt.

622 988 808 1042 Simon
836 987 980 1043 enim
1005 988 1077 1041 ita
1105 986 1371 1058 appellat:
1401 1002 1569 1051 metu,
1598 988 1963 1060 intelligentia,
1986 1006 2194 1057 nomen,

621 1095 742 1139 vox.
777 1079 1146 1146 ratiocinatio,
1187 1080 1440 1150 cogitatio
1465 1118 1481 1145 ,
1515 1080 1606 1150 qui
1632 1091 1771 1148 stat,
1805 1082 1975 1149 stetit,
2011 1085 2192 1138 stabit.

622 1169 687 1224 Et
743 1169 1092 1225 Valentinus:
1129 1189 1274 1226 mens
1298 1210 1315 1237 ,
1349 1175 1572 1242 ueritas,
1627 1175 1776 1244 logus
1796 1215 1811 1240 ,
1840 1178 1949 1232 vita
1971 1217 1983 1240 ,
2014 1178 2191 1242 homo,

619 1258 840 1313 ecclesia
866 1271 916 1313 et
938 1269 1089 1327 pater
1118 1277 1222 1315 una
1255 1272 1587 1326 numeratus.
1616 1267 1817 1333 pariter
1841 1268 2194 1339 128.129

622 1357 785 1417 atque
820 1348 915 1411 illi,
949 1350 1043 1418 qui
1087 1349 1486 1406 arithmeticam
1523 1353 1915 1423 philosophiam
1944 1359 2194 1413 excolue-

619 1453 785 1510 runt,
816 1459 977 1513 quam
1009 1453 1260 1514 tanquam
1296 1446 1620 1516 incognitam
1653 1447 1980 1503 multitudini
2016 1448 2192 1505 admi-

618 1535 722 1589 rati
752 1545 807 1589 et
844 1536 1074 1601 imitati,
1110 1538 1343 1592 hiet-eses
1376 1553 1406 1591 a
1435 1553 1494 1592 se
1525 1540 1863 1607 excogitatas
1896 1540 2193 1596 constitue-

618 1635 765 1680 runt.
816 1624 1044 1691 Quidam
1072 1636 1250 1680 autem
1295 1635 1351 1680 et
1397 1629 1465 1681 ab
1519 1637 1636 1682 arte
1670 1628 1877 1683 medica
1926 1629 2191 1685 conﬁcere

617 1714 983 1771 bebdomades
1017 1714 1409 1786 periclitantur,
1438 1719 1727 1786 stupefacti
1778 1718 1987 1775 cerebri
2017 1720 2189 1775 disse-

614 1806 793 1861 ctione
819 1845 835 1870 ,
868 1821 988 1860 cum
1018 1806 1205 1860 dicunt
1238 1806 1473 1861 universi
1518 1808 1874 1862 substantiam
1919 1816 1975 1863 et
2029 1818 2185 1880 pote-

2299 812 2489 879 ξαντες
2522 814 3023 887 ἐτερατολόγησαν,
3062 818 3319 873 ὑπόθεσιν
3363 822 3576 887 ἑαυτοῖς
3623 826 3844 880 ἐντεῦθεν

2300 904 2703 974 σχεδιάσαντες.
2772 906 2834 960 '0
2898 908 2998 979 μὲν
3052 910 3162 978 γάρ
3213 910 3396 981 Σίμων
3450 913 3625 978 οὕτως
3680 919 3842 970 καλεῖ⁵

2294 996 2464 1062 νοῦς,
2480 996 2733 1060 ἐπίνοια,
2750 997 2956 1067 ὄνομα,
2978 1000 3164 1072 φωνὴ,
3185 1004 3497 1073 λογισμὸς,
3517 1006 3842 1077 Memno-rc,

2294 1088 2329 1139 ὁ
2363 1086 2569 1150 ἑστὼς,
2614 1089 2786 1154 στὰς,
2835 1090 3252 1159 στησόμενος,
3286 1094 3387 1147 καὶ
3432 1098 3840 1165 Oriades-tiroc-

2292 1177 2458 1243 νοῦς,
2491 1177 2764 1245 ἀλήθεια,
2816 1180 3019 1250 λόγος,
3071 1181 3209 1251 ζωὴ,
3246 1183 3589 1255 ἄνθρωπος,
3617 1188 3844 1257 Ἐκκληο

2292 1271 2399 1323 σία
2440 1271 2534 1324 καὶ
2559 1273 2588 1325 ό
2614 1271 2810 1341 πατὴρ
2844 1274 3343 1347 συναριθμούμενος
3368 1317 3385 1341 ,
3419 1280 3554 1334 κατὰ
3601 1282 3762 1334 ταύτά
3806 1285 3841 1315 ⁸³

2294 1358 2373 1431 [ιι.
2403 1360 2641 1435 91-92]
2683 1366 2796 1429 τοῖς
2831 1365 2931 1439 τὴν
2964 1367 3333 1440 ἀριθμητικὴν
3364 1372 3640 1441 ὴσκηκόσι
3664 1374 3845 1443 φιλοσο-

2290 1452 2440 1520 φίαν,
2473 1452 2585 1525 [ἢν]
2611 1454 2687 1517 ὡς
2716 1456 2992 1524 ἄγνωστον
3023 1458 3185 1530 [τοῖς]
3226 1459 3275 1492 ³⁸
3307 1460 3521 1525 πολλοῖς
3546 1461 3842 1532 θαυμάσαν-

2287 1561 2380 1608 τες
2402 1545 2498 1599 καὶ
2530 1545 2576 1577 ⁸ο
2605 1548 3179 1621 κατακολουθήσαντες
3199 1551 3299 1615 τὰς
3328 1552 3420 1606 ὑπ’
3447 1554 3632 1608 αὐτῶν
3662 1558 3842 1627 ἐπινοη-

2289 1635 2476 1699 θείσας
2523 1622 2769 1707 αἱρέσεις
2798 1640 3216 1711 συνεστήσαντο.
3270 1642 3430 1709 Τινὲς
3482 1645 3584 1713 μὲν
3633 1640 3725 1698 οὖν
3763 1622 3842 1699 καὶ

2287 1724 2395 1778 ἀπὸ
2436 1727 2691 1798 ἰατρικῆς
2734 1731 2989 1801 συνιστᾷν
3026 1730 3126 1795 τὰς
3177 1730 3479 1803 ἑϐδομάδας
3518 1735 3837 1805 πειρῶνται,

2287 1816 2654 1887 ἐκπλαγέντες
2677 1820 2772 1873 ἐπὶ
2791 1823 2857 1892 τῇ
2878 1819 2973 1875 τοῦ
2998 1822 3299 1892 ἐγκεφάλου
3323 1826 3591 1897 ἀνατομῇ,
3622 1828 3841 1896 λέγοντες

616 1904 813 1950 statem
853 1906 1131 1964 paternam
1165 1905 1220 1950 et
1252 1896 1590 1951 divinitatem
1635 1913 1665 1951 a
1710 1899 1918 1952 cerebri
1951 1898 2179 1967 disposi-

2286 1907 2382 1979 τὴν
2401 1908 2493 1963 τοῦ
2520 1909 2719 1974 παντὸς
2733 1911 2922 1967 οὐσίαν
2938 1914 3033 1967 καὶ
3053 1913 3280 1986 δύναμιν
3333 1916 3344 1987 |
3402 1896 3677 1991 πατρικὴν
3699 1920 3783 1971 καὶ
3804 1921 3839 1951 ⁸⁸

617 1983 763 2037 tione
814 1983 1019 2038 doceri.
1054 1983 1355 2039 Cerebrum
1409 1985 1554 2039 enim
1603 2000 1725 2041 cum
1770 1987 1840 2041 sit
1874 1988 2185 2057 principalis

619 2089 744 2141 pars
774 2074 1011 2128 universi
1046 2076 1324 2144 corporis,
1375 2075 1681 2146 superjacet
1710 2077 1876 2132 ﬁxum
1903 2088 1958 2134 et
1989 2080 2185 2134 immo-

616 2179 725 2218 tum
761 2165 813 2218 in
851 2180 909 2219 se
940 2166 1082 2219 intus
1112 2164 1316 2220 habens
1348 2168 1614 2236 spiritum.
1640 2167 1760 2223 Jam
1791 2169 1912 2224 talis
1941 2173 2185 2226 narratio

614 2269 720 2309 non
751 2264 831 2308 est
867 2255 1218 2318 incredibilis,
1245 2257 1340 2311 sed
1358 2269 1413 2311 ut
1440 2258 1597 2329 longe
1616 2260 1875 2315 dissideat
1896 2262 1964 2315 ab
1994 2263 2183 2317 borum

611 2355 831 2401 conatu.
863 2346 1151 2401 Cerehrum
1182 2348 1325 2401 enim
1360 2360 1629 2404 resectum
1666 2351 1810 2405 intus
1847 2352 2001 2407 habet
2040 2353 2182 2421 quod

610 2445 834 2491 vocatur
860 2439 1177 2501 carnarium,
1210 2439 1364 2508 cujus
1408 2440 1473 2494 ab
1531 2452 1759 2511 utraque
1808 2455 1962 2511 parte
1996 2454 2182 2501 tenues

609 2538 735 2583 sunt
767 2530 1170 2594 membranulae,
1200 2546 1336 2600 quas
1369 2531 1443 2585 illi
1479 2534 1723 2604 pterygia
1753 2534 2025 2603 appellant
2053 2574 2069 2598 ,
2099 2535 2178 2591 le-

610 2620 751 2673 niter
782 2634 811 2672 a
838 2618 1033 2687 spiritu
1070 2631 1226 2674 motae
1250 2629 1302 2675 et
1340 2636 1527 2676 rursus
1557 2623 1884 2692 depellentes
1931 2628 2177 2695 spiritum

606 2723 798 2763 versus
829 2708 1188 2776 cerebellum,
1246 2711 1337 2780 qui
1380 2727 1701 2781 percurrens
1751 2731 1847 2783 per
1900 2720 2175 2774 vasculum

607 2802 874 2871 quoddam
904 2802 1096 2856 calami
1122 2803 1298 2857 simile
1320 2805 1386 2858 ad
1418 2806 1698 2861 canarium
1726 2818 1887 2874 meat,
1912 2811 1996 2863 cui
2030 2810 2176 2878 adja-

606 2904 694 2949 cet
727 2908 789 2947 os
823 2894 1094 2959 eerebelli,
1124 2894 1398 2965 excipiens
1430 2909 1797 2967 permeantem
1838 2901 2084 2969 spiritum
2121 2910 2176 2956 et

610 2983 992 3038 transfundens
1026 2985 1092 3037 ad
1143 2984 1409 3039 dorsalem
1452 3000 1570 3054 qua:
1613 2986 1810 3040 dicitur
1864 2989 2173 3054 medullam,

607 3075 749 3127 unde
779 3073 1088 3127 universum
1121 3089 1317 3143 corpus
1351 3075 1547 3144 accipit
1573 3076 1872 3145 spirituale,
1905 3093 2027 3133 cum
2059 3095 2176 3134 om-

606 3178 704 3217 nes
732 3165 944 3217 arteria:
985 3165 1153 3219 instar
1202 3166 1336 3219 rami
1372 3179 1435 3219 ex
1470 3166 1573 3220 hoc
1608 3168 1829 3222 vasculo
1864 3180 2001 3238 aptae
2042 3170 2171 3234 sint,

2289 2000 2543 2072 θειότητα
2564 2000 2672 2055 ἀπὸ
2708 2002 2809 2075 τῆς
2839 2002 2935 2058 τοῦ
2962 2005 3269 2077 ἐγκεφάλου
3297 2008 3595 2073 διαθέσεως
3621 2011 3841 2065 διδάσκει

2285 2091 2430 2146 σθαι.
2470 2093 2529 2146 Ὀ
2548 2093 2658 2164 γὰρ
2673 2094 2976 2166 ἐγκέφαλος
3005 2096 3195 2170 κύριον
3226 2099 3391 2171 μέρος
3412 2100 3488 2155 ὢν
3519 2102 3617 2155 τοῦ
3643 2104 3830 2165 παντὸς

2287 2181 2541 2253 σώματος
2599 2185 2875 2241 ἐπίκειται
2924 2187 3172 2260 άτρεμὴς
3228 2193 3324 2244 καὶ
3375 2192 3667 2263 ἀκίνητος,
3712 2194 3839 2257 ἐντὸς

2284 2271 2477 2325 ἑαυτοῦ
2529 2272 2669 2344 ἔχων
2697 2277 2757 2329 τὺ
2805 2277 3041 2349 πνεῦμα.
3078 2282 3237 2334 ’Ἐστι
3281 2282 3384 2353 μὲν
3425 2280 3518 2337 οὖν
3560 2285 3595 2353 ἠ
3637 2286 3835 2356 τοιαύτη

2285 2361 2495 2435 ἱστορία
2533 2367 2634 2419 οὐκ
2678 2369 2962 2436 ἀπίθανος,
3012 2373 3232 2444 μακρὰν
3278 2374 3335 2427 δὲ
3363 2375 3462 2445 τῆς
3494 2376 3702 2430 τούτων
3736 2379 3837 2429 ἐπι-

2280 2456 2599 2526 χειρήσεως.
2640 2457 2700 2510 '0
2730 2459 2829 2529 μέν
2854 2459 2963 2532 γὰρ
2999 2463 3301 2532 ἐγκέφαλος
3328 2466 3669 2537 ἀνατμηθεὶς
3708 2468 3835 2522 ἐνὼν

2288 2544 2405 2615 ἔχει
2429 2545 2490 2599 τὸ
2514 2546 2561 2578 ⁴¹
2592 2547 2929 2620 καλούμενον
2958 2569 3027 2605 κα
3036 2554 3252 2624 μάριον,
3278 2548 3339 2607 οὗ
3363 2558 3703 2628 ἑκατέρωθεν
3727 2562 3837 2629 ὑμέ-

2280 2653 2368 2700 νες
2384 2637 2490 2692 εἰσὶ
2506 2637 2715 2706 λεπτοὶ,
2729 2641 2825 2705 οὒς
2843 2644 3110 2713 πτερύγια
3130 2648 3648 2717 προσαγορεύουσιν,
3672 2654 3834 2721 ἠρέμα

2279 2727 2387 2781 ὑπὸ
2427 2729 2527 2783 τοῦ
2573 2732 2887 2803 πνεύματος
2930 2736 3231 2806 κινούμενα
3276 2740 3372 2793 καὶ
3416 2740 3575 2795 πάλιν
3622 2743 3833 2796 ἀπελαύ-

2278 2834 2438 2871 νοντα
2462 2819 2523 2873 τὺ
2548 2821 2770 2892 πνεῦμα
2791 2824 2885 2877 ἐπὶ
2904 2824 3001 2897 τὴν
3026 2830 3475 2900 παρεγκεφὰλίδα
3492 2833 3567 2864 ⁵³·
3589 2832 3621 2886 ὅ
3644 2833 3834 2904 διατρέ-

2277 2922 2370 2975 χον
2416 2906 2463 2939 ⁸⁸
2494 2907 2584 2963 διά
2619 2925 2763 2975 τινος
2795 2912 3020 2980 ἀγγείου
3063 2915 3292 2986 καλάμῳ
3334 2918 3571 2980 ἐοικότος
3601 2918 3647 2951 ⁸⁸
3672 2920 3760 2971 ἐπὶ
3782 2918 3832 2971 τὸ

2275 2996 2545 3068 κωνάριον
2568 3002 2755 3071 χωρεῖ,
2774 2994 2820 3069 ᾧ
2842 3004 3161 3074 πρόσκειται
3186 3008 3245 3059 τὸ
3269 3007 3489 3078 στόμιον
3520 3010 3622 3079 τῆς
3647 3027 3833 3079 παρεγ-

2275 3088 2562 3157 κεφαλίδος
2586 3092 2942 3163 ἐκδεχόμενον
2964 3095 3025 3148 τὸ
3048 3096 3332 3169 διατρέχον
3358 3099 3572 3171 πνεῦμα
3597 3103 3690 3156 καὶ
3710 3104 3829 3154 ἁνα-

2273 3178 2412 3232 διδδν
2451 3179 2545 3234 ἐπὶ
2574 3182 2666 3235 τὸν
2699 3187 2951 3239 νωτιαῖον
2989 3185 3281 3260 λεγόμενον
3322 3192 3538 3262 μυελὸν,
3572 3194 3693 3247 ὅθεν
3731 3196 3826 3247 πᾶν

607 3252 759 3321 cujus
795 3252 915 3307 linis
945 3252 997 3307 in
1048 3254 1301 3322 genitalia
1332 3255 1544 3309 vascula
1582 3258 1920 3322 terminatur,
1952 3260 2092 3315 unde
2119 3271 2170 3317 et

2280 3272 2336 3325 τὸ
2367 3272 2527 3343 σῶμα
2564 3275 2971 3347 μεταλαμϐάνει
3011 3252 3073 3333 τό
3116 3252 3486 3353 πνευματικὸν
3520 3252 3709 3340 πασῶν
3732 3288 3826 3339 τῶν

606 3345 814 3397 semina
843 3358 908 3396 ex
937 3344 1164 3398 cerebro
1192 3359 1284 3414 per
1320 3344 1497 3400 femur
1529 3349 1761 3401 meantia
1796 3362 2170 3407 secernuntur.

605 3434 705 3490 Est
743 3446 921 3489 autem
957 3435 1173 3490 habitus
1193 3437 1444 3491 cerebelli
1475 3438 1670 3493 similis
1696 3443 1857 3511 capiti
1885 3446 2171 3512 serpentis,

605 3528 673 3581 de
712 3542 819 3597 quo
850 3527 1049 3582 mullus
1078 3542 1258 3583 sermo
1304 3528 1607 3584 instituitur
1644 3546 1673 3584 a
1710 3534 1981 3602 magistris
2012 3550 2174 3602 prave

606 3617 998 3686 cognominatae
1043 3618 1368 3688 cognitionis
1397 3657 1414 3684 ,
1472 3620 1611 3674 sicut
1660 3621 2171 3679 demonstrabimus.

605 3706 804 3763 Alterae
832 3718 1012 3763 autem
1045 3722 1113 3763 ex
1142 3710 1367 3765 cerebro
1392 3722 1688 3767 nascuntur
1718 3728 1811 3766 sex
1837 3714 2176 3784 conjunctio-

606 3813 720 3863 nes,
751 3813 870 3867 quae
895 3798 1035 3853 circa
1066 3810 1227 3869 caput
1250 3811 1511 3871 porrecta:
1536 3803 1814 3860 continent
1840 3820 2089 3875 corpora,
2117 3806 2171 3862 in

607 3889 724 3959 ipso
759 3890 937 3958 capite
966 3890 1168 3957 ﬁnitae;
1198 3893 1426 3961 septima
1458 3904 1637 3948 autem
1661 3908 1726 3949 ex
1754 3895 2016 3951 cerebella
2046 3912 2171 3966 per-

605 3991 749 4036 tneat
777 3982 841 4034 ad
892 3982 1176 4037 inferiores
1212 3994 1394 4053 partes
1419 3985 1627 4054 .reliqui
1679 3988 1962 4057 corporis,
2007 3990 2171 4044 sicuti

603 4074 859 4129 diximus.
905 4075 967 4130 Et
994 4076 1061 4131 de
1098 4078 1198 4132 hoc
1235 4093 1450 4147 quoque
1484 4080 1681 4136 multus
1708 4082 1762 4136 lit
1792 4098 1989 4148 sermo,
2029 4086 2169 4142 unde

603 4177 658 4218 et
679 4164 866 4219 Simon
899 4177 951 4221 et
977 4167 1287 4222 Valentinus
1316 4172 1652 4240 reperientur
1682 4185 1734 4229 et
1765 4176 1889 4229 hinc
1912 4176 2169 4234 doctrina:

604 4270 719 4310 sua
746 4271 909 4310 ansas
938 4259 1234 4327 sumpsisse
1267 4270 1318 4315 et
1349 4299 1365 4326 ,
1396 4263 1605 4318 etiamsi
1644 4281 1748 4320 non
1789 4267 2167 4337 conﬁteantur,

603 4359 725 4399 esse
747 4345 978 4415 primum
1009 4348 1294 4404 mendaces
1315 4386 1332 4413 ,
1380 4351 1572 4407 deinde
1602 4354 1858 4412 haeretici.
1890 4358 2025 4414 Cum
2066 4378 2167 4416 au-

605 4445 711 4490 tem
748 4437 862 4491 haec
890 4452 1102 4506 quoque
1142 4442 1273 4494 satis
1301 4455 1330 4495 a
1360 4444 1516 4499 nobis
1553 4445 1841 4502 videantur
1874 4450 2164 4520 explicata,

600 4525 779 4579 omnia
804 4538 1022 4591 autem,
1075 4544 1195 4599 qua:
1246 4532 1494 4587 videntur
1541 4543 1767 4592 terrente
1813 4541 2166 4609 philosophia:

598 4615 793 4685 placita
818 4655 834 4680 ,
890 4620 1278 4689 comprehensa
1309 4623 1417 4678 sint
1451 4625 1503 4679 in
1534 4638 1764 4695 quatuor
1802 4631 1988 4699 libris,
2049 4634 2158 4704 pla-

598 4713 683 4758 cet
716 4704 982 4773 proﬁcisci
1024 4710 1092 4762 ad
1125 4709 1317 4765 borum
1345 4712 1656 4784 discipulos,
1685 4718 1767 4775 vel
1802 4720 1976 4778 dicant
2010 4724 2165 4793 expio

597 4794 820 4855 latores.

2282 3362 2563 3433 ἀρτηριῶν
2593 3364 2750 3435 δίκην
2782 3367 2977 3422 κλάδου
3002 3370 3068 3424 ἐκ
3089 3371 3279 3425 τούτου
3310 3372 3406 3427 τοῦ
3426 3377 3649 3444 ἀγγείου
3672 3378 3825 3445 ἠρτη-

2279 3454 2473 3524 μένων,
2500 3448 2562 3508 οὖ
2593 3456 2653 3509 τὸ
2682 3459 2854 3529 πέρας
2881 3461 2975 3514 ἐπὶ
2998 3463 3066 3515 τά
3092 3465 3385 3535 γεννητικὰ
3420 3467 3618 3535 ἀγγεῖα
3639 3485 3825 3539 τερμα-

2273 3545 2513 3610 τίζεται·
2563 3547 2688 3601 ὅθεν
2732 3552 2827 3603 καὶ
2872 3551 2943 3606 τὰ
2978 3553 3268 3626 σπέρματα
3305 3556 3367 3622 ἐξ
3410 3559 3710 3627 ἐγκεφάλου
3746 3561 3823 3613 διά

2273 3635 2373 3705 τῆς
2391 3635 2596 3705 ὀσφύος
2618 3640 2903 3711 χωροῦντα
2934 3645 3271 3715 ἐκκρίνεται.
3298 3648 3456 3702 Ἔστι
3494 3651 3551 3704 δέ
3573 3651 3633 3704 τὸ
3654 3652 3820 3721 σχῆμα

2273 3724 2370 3811 τῇς
2397 3730 2867 3798 παρεγκεφαλίδος
2894 3734 3070 3798 ἐοικὸς
3094 3737 3301 3809 κεφαλῇ
3344 3738 3665 3809 δράκοντος,
3705 3742 3822 3811 περὶ

2272 3805 2334 3865 οὗ
2373 3815 2540 3880 πολὺς
2610 3818 2640 3871 δ
2681 3818 2838 3888 λόγος
2887 3826 3000 3888 τοῖς
3046 3824 3146 3896 τῆς

2272 3906 2527 3974 γίνεται,
2573 3910 2754 3975 καθὼς
2797 3915 3138 3988 ἐπιδείξομεν
3172 3919 3237 3973 ⁸⁸.
3286 3921 3512 3991 Ἐτεραι
3554 3922 3608 3976 δὲ
3644 3925 3703 3976 ἐκ
3732 3922 3816 3975 τοῦ

2271 3999 2576 4069 ἐγκεφάλου
2630 4002 2857 4071 φύονται
2913 4006 2976 4072 ἒξ
3039 4010 3326 4079 συζυγίαι,
3369 4014 3427 4067 αἶ
3474 4015 3603 4084 περὶ
3648 4015 3689 4045 ⁸⁷
3727 4017 3816 4083 τὴν

2272 4082 2513 4163 κεφαλὴν
2540 4093 2907 4167 διικνούμεναι
2945 4102 3224 4173 συνέχουσι
3248 4104 3316 4158 τά
3354 4082 3583 4177 σώματα
3606 4108 3661 4160 ἐν
3690 4082 3812 4175 αὐτῇ

2271 4182 2709 4253 περατούμεναι·
2741 4187 2774 4256 ἡ
2811 4188 2869 4241 δὲ
2895 4189 3093 4263 ἑϐδόμη
3134 4195 3197 4246 ἐκ
3228 4195 3325 4265 τῆς
3375 4197 3813 4267 παρεγκεφαλξδος

2270 4275 2351 4336 εἰς
2385 4273 2430 4305 ⁸⁸
2455 4276 2523 4328 τά
2547 4275 2698 4329 κάτω
2729 4278 2826 4331 τοῦ
2858 4279 3048 4335 λοιποῦ
3077 4283 3351 4356 σώματος,
3380 4289 3562 4353 καθὼς
3581 4291 3809 4358 είπομεν.

2272 4364 2386 4418 Καὶ
2414 4368 2542 4437 περὶ
2569 4368 2760 4422 τούτου
2813 4372 2870 4425 δὲ
2916 4375 3084 4439 πολὺς
3108 4378 3137 4430 ό
3164 4377 3318 4446 λόγος
3345 4417 3362 4443 ,
3389 4380 3512 4434 ὅθεν
3533 4382 3621 4436 καὶ
3649 4382 3811 4450 Σίμων

2269 4456 2365 4509 καὶ
2385 4458 2739 4523 Οὑαλεντῖνος
2770 4463 3157 4535 εὑρεθήσονται
3184 4471 3280 4523 καὶ
3312 4471 3562 4525 ἐντεῦθεν
3580 4473 3809 4541 ἀφορμὰς

2268 4548 2587 4620 εἰληφότες,
2633 4554 2726 4607 καὶ
2756 4553 2767 4625 |
2798 4557 2846 4609 εἰ
2901 4558 2975 4628 μὴ
3022 4560 3357 4630 ὁμολογοῖεν,
3403 4563 3557 4629 ὄντες
3606 4566 3807 4635 πρῶτον

2265 4639 2529 4709 ψεῦσται,
2564 4639 2683 4698 εἶτα
2725 4646 3011 4715 αἱρετικοί.
3059 4651 3210 4704 Ἐπεὶ
3236 4651 3330 4707 οὖν
3366 4657 3462 4708 καὶ
3493 4656 3652 4710 ταῦτα
3674 4656 3806 4709 δοκεῖ

2269 4733 2469 4796 ἱκανῶς
2489 4736 2634 4803 ἡμᾶς
2660 4737 3018 4799 ἐκτεθεῖσθαι.
3040 4744 3217 4797 πάντα
3239 4745 3296 4799 δὲ
3318 4748 3388 4801 τὰ
3406 4748 3653 4802 δοκοῦντα
3680 4742 3802 4800 εἰναι

2269 4817 2368 4886 τῆς
2413 4822 2665 4892 ἐπιγείου
2709 4827 3023 4898 φιλοσοφίας
3054 4832 3299 4904 δόγματα
3354 4840 3712 4909 περιείληπται
3749 4838 3801 4887 ἐν

2266 4911 2528 4986 τέσσαρσι
2576 4910 2846 4987 βιϐλίοις,
2891 4921 3039 4976 δοκεῖ
3078 4925 3170 4978 ἐπὶ
3219 4928 3348 4992 τοὺς
3392 4930 3592 4984 τούτων
3626 4930 3800 5000 χωρεῖν

2270 5001 2555 5073 μαθητάς,
2584 5008 2785 5077 μᾶλλον
2817 5011 2874 5065 δὲ
2906 5013 3260 5085 κλεψιλόγους
3278 5018 3341 5073 δ’.

1862 5170 2095 5229 VARle
2134 5175 2546 5244 LECTIONES.

663 5279 709 5311 ³⁵
734 5280 873 5333 κατά
904 5281 1074 5334 ταύτά
1107 5282 1417 5349 Roeperus:
1450 5286 1571 5339 κατ’
1606 5285 1743 5338 αὐτὰ
1777 5288 1839 5348 C,
1875 5288 1945 5343 Μ.
2026 5292 2070 5324 ³⁹
2099 5294 2165 5417 ig;
2192 5307 2245 5349 et
2286 5301 2401 5361 τοῖς
2435 5303 2558 5357 add.
2604 5303 2675 5357 M.

663 5350 976 5417 ὶπατρικὴν
1003 5354 1064 5415 C,
1091 5353 1159 5406 Μ.
1233 5354 1277 5383 δ’
1307 5355 1386 5408 τό.
1428 5355 1518 5409 τὸν
1547 5354 1609 5410 C.
1685 5356 1731 5387 ⁸³
1769 5363 2116 5417 παρακεφαλί
2150 5383 2183 5417 α
2219 5366 2282 5417 C.
2372 5369 2420 5401 ιι
2461 5372 2489 5417 ὁ
2536 5373 2675 5417 διατι

1233 5354 1277 5383 δ’
1307 5355 1386 5408 τό.
1428 5355 1518 5409 τὸν
1547 5354 1609 5410 C.
1685 5356 1731 5387 ⁸³
1769 5374 1843 5410 πα

589 5350 684 5404 καὶ
709 5350 976 5422 ¹ιξιιθιτρικὴν
1003 5354 1064 5415 C,
1091 5353 1159 5406 Μ.

595 5436 695 5493 μεν
718 5418 781 5474 C.
823 5418 834 5422 ’
859 5420 903 5453 ⁸⁷
929 5418 984 5493 ei
1010 5423 1138 5493 περ).
1177 5426 1236 5493 l3.

590 5487 1057 5561 φιλοσοφουμένων
1084 5487 1141 5546 ’δ’
1179 5492 1381 5564 βιϐλίον
1410 5494 1481 5549 Μ.

1884 5363 2091 5430 ακεφαλ

2771 5308 2816 5343 ⁸ο
2851 5311 2944 5389 καὶ
2973 5328 3081 5389 om.
3110 5314 3169 5379 Ο,
3350 5317 3391 5389 ξί
3417 5319 3671 5389 πατρικὴν
3697 5317 3787 5389 καί.

1849 5365 2183 5482 εἱακεφαλίδα
2219 5366 2282 5421 C.
2372 5369 2420 5401 “
2461 5372 2489 5423 ὁ
2536 5373 2832 5446 διατρέχων
2873 5383 2933 5433 ll.
3007 5365 3292 5441 ισιὸὶέόὲι
3343 5387 3403 5442 C.
3460 5365 3787 5451 Ἰδ’ἐπιδείξω·

1849 5446 1969 5482 ;σιν
2016 5439 2360 5482 lltsemndnm
2414 5456 2535 5482 pecu
2585 5460 2763 5482 ρριιςμι
2801 5447 2843 5482 Μ
2978 5452 3022 5482 u
3070 5455 3133 5482 ι..
3180 5456 3377 5482 ....|-......
3448 5459 3599 5482 L-.!.--
3652 5461 3783 5482 Li..--

1310 5423 1356 5502 ξ’
1387 5426 1429 5502 A_
1436 5435 1525 5502 nte
1561 5427 1639 5490 εἰς
1669 5440 1784 5481 \oc.
1830 5423 1969 5483 εἶσιν
2001 5423 2361 5493 "inserendum
2414 5423 2867 5502 esse"é'é.i§é‘i'it.

2978 5452 3022 5484 δ’
3055 5455 3133 5506 Ad
3178 5456 3380 5512 calcem
3448 5459 3602 5529 hujus
3650 5461 3784 5513 lthrt:
