4070 6514
587 434 728 498 3173

2072 441 2441 501 ORIGENIS

3675 432 3793 496 3175

590 549 861 620 Scriptum
887 556 992 611 est,
1023 549 1222 619 inquit,
1267 551 1317 603 in
1356 551 1494 606 libro
1543 550 1710 608 Mosis
1745 570 1760 608 :
1795 553 1917 619 llic,
1971 554 2165 623 inquit,

2280 556 2426 610 τοῦδε
2450 555 2547 609 τοῦ
2576 554 2784 627 κόσμου
2811 595 2827 620 ,
2862 553 2911 607 εἰ
2948 552 3025 623 μὴ
3067 550 3228 621 μόνος
3252 550 3282 604 6
3308 548 3527 611 τέλειος,
3555 548 3582 601 6
3609 546 3794 617 πλήρης

590 656 814 711 serpens
833 651 915 697 est
937 652 1195 712 poteStas,
1223 658 1341 712 quae
1386 645 1644 699 comitata
1676 655 1761 701 est
1790 645 1991 713 Mosen,
2016 648 2166 719 virga

592 750 851 790 conversa
882 735 935 789 in
985 746 1313 805 serpentem.
1355 737 1636 792 Adversati
1684 739 1830 793 enim
1876 749 2053 801 erant,
2081 740 2165 793 iu-

594 828 731 896 quit,
758 826 1009 896 potestati
1038 826 1200 880 Mosis
1222 831 1275 881 in
1300 827 1535 899 Egyptu
1560 844 1836 895 magorum
1866 839 2167 899 serpentes,

594 918 667 972 dii
719 917 1001 986 perniciei,
1032 919 1126 972 sed
1180 934 1370 974 omnes
1410 934 1505 975 eos
1560 918 1790 988 subjecit
1837 930 1894 976 et
1942 922 2171 992 peremit

594 1009 743 1079 virga
772 1006 959 1066 Musis.
991 1008 1328 1066 Universalis
1383 1026 1631 1083 serpens,
1683 1013 1877 1081 inquit,
1944 1013 2032 1067 hic
2088 1022 2173 1068 est

594 1102 810 1173 sapiens
853 1101 977 1157 Eva:
1043 1116 1245 1158 sermo.
1310 1101 1441 1170 Hoc,
1477 1104 1671 1173 inquit,
1708 1113 1792 1160 est
1851 1107 2169 1177 mysterium

598 1194 786 1257 Eolem,
816 1194 917 1249 hoc
943 1193 1138 1249 ﬂuvius
1160 1209 1225 1249 ex
1262 1195 1450 1264 Edem,
1482 1196 1583 1252 hoc
1614 1199 1825 1269 signum
1859 1198 2171 1269 impositum

595 1286 750 1351 Cain,
779 1303 843 1341 ne
862 1288 984 1357 quis
1007 1302 1128 1343 eum
1158 1288 1430 1356 reperiens
1455 1290 1811 1345 interimeret.
1842 1290 1939 1346 Hic
1968 1292 2171 1356 est,in-

498 1368 505 1373 “
597 1377 735 1448 quit,
760 1377 914 1442 Cain,
940 1377 1092 1455 cujus
1119 1380 1448 1434 sacriﬁcium
1480 1395 1583 1434 non
1610 1383 1815 1450 recepit
1854 1382 1986 1437 deus
2015 1383 2174 1453 hujus

599 1470 805 1532 mundi,
838 1478 1177 1525 cruentatum
1235 1481 1416 1527 autem
1452 1474 1659 1539 recepit
1693 1474 1907 1541 Abelis;
1956 1478 2171 1547 sangui-

597 1562 759 1615 nibus
789 1561 933 1615 enim
960 1562 1157 1631 gaudet
1189 1562 1347 1631 hujus
1384 1564 1566 1618 mundi
1620 1565 1893 1622 dominus.
1934 1568 2031 1624 llic
2066 1579 2172 1637 est,

2266 648 2376 703 τῶν
2408 646 2632 719 πληρῶν
2666 648 2790 716 ὄφις
2820 646 2866 700 ⁷.
2907 645 3032 698 Ἐπὶ
3068 642 3283 705 τοῦτον,
3320 641 3505 712 φησὶν,
3546 641 3572 693 6
3598 638 3795 700 ὲλπίσας

2269 740 2375 793 ὑπὸ
2394 739 2503 793 τῶν
2523 739 2700 809 ὄφεων
2723 738 2823 808 τῆς
2849 736 3055 809 ἐρήμου
3080 734 3142 788 οὐ
3167 732 3552 803 διαφθείρεται,
3579 729 3796 784 τουτέστι

2267 835 2377 887 τῶν
2406 833 2544 887 Θεῶν
2570 832 2673 901 τῆς
2702 831 2988 899 γενέσεως.
3009 828 3346 895 Γέγραπται,
3374 824 3554 895 φησιν,
3580 822 3798 903 evictam

2270 926 2544 987 Μωσέωςο
2576 919 2746 987 Οὗτος
2771 963 2787 987 ,
2815 922 2999 992 φησιν,
3031 920 3060 972 6
3087 918 3210 987 ὄφις
3237 916 3260 948 ⁸
3300 917 3446 969 ἐστὶν
3477 915 3510 985 ή
3539 912 3745 983 δύναμις
3770 914 3800 982 ἡ

2270 1016 2807 1089 παρακολουθήσασα
2854 1013 2933 1085 τῷ
2959 1013 3152 1068 Μωσεῖ
3175 1051 3190 1074 ,
3224 1011 3257 1080 ἡ
3294 1007 3483 1079 ῥάὸδος
3523 1008 3555 1077 ἡ
3599 1023 3801 1075 στρεφο-

2275 1111 2407 1183 μένη
2438 1111 2519 1173 εἰς
2546 1109 2689 1179 ὅφιν.
2731 1105 3186 1175 ’Δνθεστήκεισαν
3211 1102 3290 1165 δὲ,
3331 1099 3483 1170 φησι,
3518 1100 3582 1169 τῇ
3609 1097 3803 1166 δυνάμει

2272 1201 2515 1265 Μωσέως
2548 1202 2606 1254 ὲν
2641 1201 2663 1233 ⁹
2694 1196 2957 1268 Αἰγύπτῳ
2987 1195 3100 1250 τῶν
3132 1195 3324 1265 μάγων
3351 1194 3401 1244 οἰ
3430 1192 3599 1259 ὄφεις.
3627 1191 3672 1242 οἰ
3712 1187 3805 1242 θεοὶ

2272 1293 2372 1362 τῆς
2411 1291 2720 1354 ἀπωλείαςο
2766 1288 2903 1343 ἀλλὰ
2952 1288 3161 1351 πάντας
3211 1284 3410 1346 αὐτοὺς
3461 1281 3684 1346 ὑπέταξε
3729 1280 3806 1333 καί

2272 1382 2577 1451 διέφθειρεν
2604 1382 2639 1451 ἡ
2674 1378 2869 1451 ῥάϐδος
2924 1376 3188 1439 Μωσέως.
3250 1373 3310 1426 '0
3356 1371 3634 1433 καθολικὺς
3677 1370 3806 1438 δφις,

2273 1474 2459 1543 φησὶν,
2491 1466 2644 1535 οὗτός
2672 1472 2715 1503 ¹⁰
2743 1472 2891 1524 ἐστιν
2922 1470 2950 1522 6
2973 1468 3135 1535 σοφὸς
3153 1466 3253 1537 τῆς
3282 1462 3428 1528 Εὔας
3451 1463 3622 1531 λόγος.
3644 1460 3806 1522 Τοῦτο,

2274 1565 2462 1636 φησιν,
2508 1565 2627 1618 ἐστὶ
2680 1564 2979 1635 μυστήριον
3044 1558 3224 1628 Ἐδὲμ.
3280 1555 3442 1610 τοῦτο
3498 1553 3726 1622 ποταμὸς
3762 1551 3812 1615 ἐξ

600 1653 792 1719 inquit,
826 1653 891 1717 is,
921 1655 1009 1721 qui
1032 1656 1291 1709 extremis
1319 1656 1509 1711 diebus
1537 1657 1718 1727 specie
1743 1659 1977 1713 humana
2009 1675 2175 1729 appa-

2287 1659 2469 1729 Ἐδὲμ,
2493 1657 2652 1712 τοῦτο
2703 1658 2923 1727 σημεῖον
2942 1653 3002 1707 τὸ
3029 1651 3185 1705 τεθὲν
3213 1648 3291 1720 τῷ
3315 1650 3476 1711 Κάῖν,
3500 1647 3583 1700 ἵνα
3610 1645 3708 1707 πᾶς
3729 1644 3763 1676 ¹¹
3787 1644 3813 1695 6

601 1743 707 1797 ruit
731 1744 1065 1813 temporibus
1088 1746 1338 1810 Herodis,
1363 1747 1537 1802 factus
1560 1750 1625 1802 ad
1649 1751 1929 1821 exemplar
1952 1750 2171 1823 Josephi

2280 1750 2551 1821 εὑρίσκων
2582 1747 2747 1802 αὐτὸν
2790 1747 2863 1818 μὴ
2902 1743 3225 1814 ἀποκτείνῃ.
3259 1733 3435 1803 Οὗτος
3458 1780 3473 1803 ,
3503 1737 3679 1808 φησιν,
3714 1735 3813 1787 ἐστί

601 1837 800 1891 venditi
823 1852 887 1891 ex
919 1853 1077 1892 manu
1112 1837 1365 1905 fratrum,
1391 1842 1545 1909 cujus
1580 1842 1749 1897 solius
1784 1844 2029 1901 velamen
2058 1858 2178 1902 erat

2280 1840 2421 1895 Κάῐν
2457 1840 2528 1903 “,
2559 1832 2620 1892 οὗ
2645 1837 2746 1908 τὴν
2773 1836 2966 1891 θυσίαν
2993 1835 3053 1889 οὐ
3090 1832 3455 1905 προσεδέξατο
3483 1832 3510 1883 6
3536 1828 3660 1891 Θεὸς
3683 1826 3813 1879 τοῦδε

602 1930 834 1983 varium.
868 1926 987 1994 Hic,
1043 1931 1235 2002 inquit,
1294 1944 1379 1989 est
1442 1934 1618 1991 factus
1662 1937 1753 1992 ille
1796 1938 1861 1991 ad
1898 1940 2178 2007 exemplar

2280 1933 2371 1987 τοῦ
2393 1931 2621 2003 κόσμου.
2639 1931 2751 2001 Τὴν
2778 1930 2833 1983 δὲ
2855 1926 3187 2000 ᾑμαγμένην
3215 1925 3533 1996 προσήκατο
3548 1920 3635 1974 τοῦ
3655 1918 3815 1972 ’Ἄϐελα

602 2016 763 2083 Esau,
797 2020 951 2091 cujus
976 2021 1057 2076 vel
1088 2038 1192 2078 non
1228 2025 1507 2094 praesentis
1536 2026 1667 2081 veSti
1699 2026 2036 2083 benedictum
2070 2030 2178 2094 est!

2280 2028 2474 2098 αἵμασι
2521 2024 2629 2097 γὰρ
2663 2024 2844 2094 χαίρει
2893 2025 2921 2076 6
2950 2019 3104 2074 τοῦδε
3148 2016 3244 2073 τοῦ
3297 2017 3507 2086 κόσμου
3552 2013 3816 2082 Δεσπότης.

601 2109 693 2177 qui
725 2125 829 2164 non
863 2112 1083 2181 recepit,
1122 2113 1315 2182 inquit,
1349 2130 1550 2169 caecam
1592 2117 2049 2182 benedictionem,
2083 2122 2178 2175 sed

2280 2114 2449 2182 Οὗτός
2478 2119 2614 2181 ἔστι,
2646 2118 2813 2187 φησιν
2848 2116 2912 2176 ³³,
2944 2114 2973 2166 6
3011 2114 3069 2165 ὲν
3101 2110 3366 2181 ἐσχάταις
3402 2106 3635 2179 ἡμέραις
3661 2105 3711 2157 ἐν
3736 2105 3815 2157 ἀν-

603 2196 1284 2265 ditescebatextrinsecus,
1312 2202 1445 2256 nihil
1496 2219 1525 2256 a
1585 2205 1907 2259 czecutiente
1964 2215 2177 2272 nactus,

2280 2207 2496 2280 θρώπου
2530 2209 2711 2278 μορφῇ
2760 2205 2948 2275 φανεὶς
2976 2204 3034 2256 ὲν
3066 2203 3177 2261 τοῖς
3207 2199 3422 2270 χρόνοις
3463 2194 3711 2267 Ἡρώδου.
3740 2209 3819 2260 γε·

602 2291 758 2359 cnjus
779 2291 913 2346 vidit
942 2294 1132 2347 faciem
1158 2293 1351 2361 Jacob,
1376 2296 1554 2365 prouti
1578 2297 1773 2351 viderit
1799 2297 1958 2352 homo
1985 2298 2177 2354 faciem

2280 2304 2501 2368 νόμενος
2530 2302 2649 2355 κατ’
2678 2299 2863 2353 εἰκόνα
2903 2294 3099 2367 Ἰωσὴφ
3135 2293 3177 2327 ¹⁸
3204 2292 3297 2347 τοῦ
3336 2289 3680 2362 πεπραμένου
3709 2288 3744 2320 ’⁸
3767 2288 3819 2338 ὲκ

605 2381 717 2437 Dei.
755 2381 828 2438 De
857 2384 981 2449 hoc,
1004 2383 1199 2455 inquit,
1229 2386 1489 2455 scriptum
1525 2397 1611 2441 est
1652 2405 1665 2441 :
1714 2386 1777 2440 Ut
1816 2386 2029 2442 Nebrod
2061 2406 2178 2443 ma-

2280 2396 2461 2468 χειρὸς
2487 2393 2753 2463 ἀδελφῶν,
2792 2384 2853 2445 οὗ
2890 2390 3053 2461 μόνου
3092 2390 3134 2419 ¹⁶
3160 2388 3221 2440 τὸ
3260 2386 3467 2455 ἔνδυμα
3495 2379 3561 2454 ἦν
3589 2380 3818 2434 ποικίλον.

602 2475 824 2545 gniﬁcus
854 2486 1067 2531 venator
1112 2494 1297 2532 caram
1343 2479 1589 2533 Domino.
1624 2481 1762 2535 Sunt
1792 2490 1970 2535 autem
2022 2480 2178 2549 hujus

2280 2482 2449 2550 Οὗτός
2479 2489 2614 2551 ἐστι,
2651 2485 2836 2557 φησὶν,
2868 2484 2896 2536 6
2933 2483 3052 2535 κατ’
3078 2479 3264 2533 εἰκόνα
3316 2475 3516 2537 Ἠσαῦ,
3550 2469 3608 2528 οὗ
3638 2472 3723 2527 καί
3761 2470 3819 2540 μή

601 2568 943 2624 :enmlatores
993 2569 1169 2635 multi,
1198 2580 1278 2625 tot
1309 2587 1561 2637 numero,
1591 2581 1725 2643 quot
1750 2574 2026 2643 conspecti
2057 2585 2178 2629 sunt

2284 2580 2548 2651 παρόντος
2570 2580 2603 2648 ἡ
2629 2575 2788 2647 στολὴ
2810 2574 3122 2642 εύλόγηται,
3149 2570 3211 2634 ὃς
3238 2571 3343 2624 οὐκ
3368 2568 3586 2635 ἐδέξατο
3611 2567 3670 2628 ιτ,
3693 2563 3821 2633 φησι,

604 2666 655 2718 is
692 2666 905 2718 deserto
935 2664 1058 2719 filiis
1087 2666 1252 2721 Israel
1301 2667 1631 2734 mordentes,
1664 2684 1691 2720 a
1728 2668 1925 2737 quibus
1962 2684 2178 2723 conser-

2280 2674 2381 2744 τὴν
2403 2668 2737 2742 ἀμϐλυωπδν
2768 2668 2810 2699 ¹⁸
2832 2665 3105 2734 εὐλογίαν,
3138 2663 3251 2717 ἀλλ’
3278 2660 3614 2744 ἐπλούτησεν
3634 2654 3824 2744 ἔξωθεν,

602 2758 749 2812 vavit
776 2772 986 2811 morsos
1012 2756 1285 2827 perfectus
1310 2758 1421 2823 ille,
1450 2774 1609 2829 quem
1639 2762 1829 2815 statuit
1854 2760 2049 2815 Moses.
2072 2760 2178 2817 Hoc

2282 2740 2453 2816 οὐδὲν
2481 2759 2589 2814 ἀπὸ
2632 2756 2727 2811 τοῦ
2779 2752 3243 2826 ἀμϐλυωποῦντος
3286 2749 3494 2811 λαϐὼν,
3547 2740 3606 2799 οὗ
3642 2741 3738 2798 εἶδε
3775 2742 3826 2793 16

602 2859 705 2911 est,
765 2848 963 2918 inquit,
1030 2852 1172 2917 quod
1227 2850 1427 2905 dictum
1487 2862 1569 2907 est
1601 2869 1614 2905 :
1647 2850 2178 2923 thnemudmodum

2283 2856 2575 2924 πρόσωπον
2611 2854 2651 2884 ⁸³
2699 2848 2895 2904 Ἰακὼό
2946 2847 3022 2911 ὡς
3078 2845 3145 2899 ἂν
3193 2844 3293 2897 ῐδοι
3359 2841 3639 2913 ἄνθρωπος
3679 2835 3823 2907 πρόσ-

605 2940 777 2996 Moses
827 2943 1075 2996 exultavit
1126 2954 1415 3011 serpentem
1447 2945 1501 2997 in
1548 2946 1772 3009 deserto,
1820 2947 1895 2999 ita
1940 2946 2175 3001 exaltari

2284 2965 2431 3002 ωπον
2464 2943 2623 2999 Θεοῦ.
2660 2942 2799 3015 Περὶ
2830 2940 3045 3003 τούτου,
3087 2936 3240 3008 φησί,
3290 2937 3619 3005 γέγραπται,
3642 2930 3709 2993 ὡς
3738 2929 3826 2982 Ne-

603 3040 802 3097 oportet
856 3028 1052 3084 Filium
1100 3032 1345 3085 hominis.
1381 3031 1547 3098 Hujus
1594 3033 1660 3085 ad
1706 3034 1983 3102 exemplar
2009 3032 2178 3089 factus

2289 3038 2445 3109 ϐρὼδ
2474 3036 2646 3108 γίγας
2716 3032 2974 3102 κυνηγὸς
3009 3030 3213 3085 ἔναντι
3242 3028 3467 3097 Κυρίου
3503 3026 3567 3079 ¹⁰.
3616 3022 3724 3076 Εἰσὶ
3761 3018 3824 3082 δὲ,

605 3130 688 3173 est
715 3134 938 3189 serpens
978 3121 1029 3175 in
1068 3121 1280 3176 deserto
1319 3137 1521 3186 aeneus,
1570 3138 1729 3193 quem
1758 3126 1946 3179 statuit
1978 3124 2178 3183 Moses.

2286 3132 2438 3202 φησί,
2475 3130 2668 3183 τούτου
2698 3126 2985 3197 ἁντίμιμοι
3012 3123 3231 3186 πολλοὶ,
3256 3118 3507 3174 τοσοῦτοι
3533 3119 3643 3171 ὅσοι
3666 3112 3825 3212 ὠφόηῖ

606 3210 795 3275 Hujus,
827 3212 1019 3280 inquit,
1048 3212 1217 3268 solius
1265 3213 1468 3284 efﬁgies
1516 3214 1567 3269 in
1624 3215 1763 3269 coelo
1794 3226 2051 3285 perpetuo
2098 3227 2178 3271 est

2290 3199 2388 3273 σαν
2413 3220 2472 3271 ἐν
2514 3220 2581 3289 τῇ
2618 3217 2809 3289 ἐρήμῳ
2834 3215 2946 3277 τοῖς
2984 3213 3121 3275 υἱοῖς
3169 3209 3390 3281 Ἰσραὴλ
3440 3207 3728 3269 δάκνοντες,
3753 3199 3828 3266 ἀφ’

612 3302 958 3374 194195
994 3305 1044 3357 in
1080 3305 1198 3360 luce
1243 3306 1557 3375 conspicua.
1584 3305 1701 3374 llic,
1728 3307 1923 3377 inquit,
1956 3317 2039 3362 est
2067 3324 2183 3361 ma-

607 3412 770 3462 gnum
798 3396 1142 3466 principium,
1180 3398 1247 3451 de
1277 3412 1383 3466 quo
1421 3398 1678 3468 scriptum
1712 3409 1815 3454 est.
1841 3398 1918 3455 De
1948 3400 2069 3465 hoc,
2098 3401 2180 3453 in-

608 3488 744 3553 quit,
775 3488 978 3541 dictum
1006 3498 1084 3542 eSI
1116 3507 1131 3543 :
1162 3488 1227 3543 In
1260 3491 1519 3559 principio
1542 3503 1653 3545 erat
1692 3490 1939 3558 Verbum,
1969 3503 2018 3545 et
2055 3492 2184 3546 Ver-

609 3581 729 3632 bum
759 3590 871 3634 erat
902 3581 1043 3646 apud
1073 3580 1259 3643 Deum,
1284 3594 1330 3635 et
1353 3582 1493 3636 Deus
1516 3594 1627 3637 erat
1662 3581 1908 3637 Verbum.
1937 3583 2051 3637 Hoc
2074 3594 2184 3637 erat

610 3674 663 3724 in
700 3672 955 3741 principio
1002 3672 1144 3739 apud
1199 3674 1384 3728 Deum.
1442 3674 1635 3729 Omnia
1686 3692 1780 3744 per
1824 3677 1995 3744 ipsum
2042 3675 2185 3744 facta

610 3765 951 3828 sunt,etsine
991 3765 1102 3828 ipso
1130 3765 1331 3829 factum
1368 3778 1446 3820 est
1475 3766 1628 3821 nihil.
1661 3766 1814 3831 Quod
1861 3766 2063 3835 factum
2110 3773 2188 3820 est

611 3858 666 3908 in
695 3858 830 3922 ipso,
875 3858 979 3911 vita
1014 3868 1114 3911 est.
1145 3856 1201 3911 In
1244 3858 1363 3928 ipso
1411 3869 1616 3925 autem,
1648 3858 1847 3928 inquit,
1897 3858 2003 3913 Eva
2045 3860 2188 3914 facta

612 3957 719 4011 est,
753 3948 859 4001 Eva
892 3960 1070 4002 autem
1111 3950 1241 4004 vita.
1292 3948 1415 4004 Ha'c
1464 3963 1643 4006 autem
1675 3960 1780 4017 est,
1826 3949 2020 4019 inquit,
2056 3950 2185 4015 Eva,

615 4049 789 4093 mater
834 4040 1078 4094 omnium
1132 4042 1451 4107 viventium,
1483 4030 1790 4096 communis
1838 4052 2054 4107 natura,
2088 4042 2191 4096 hoc

611 4140 696 4185 est
751 4132 971 4185 deorum
1026 4133 1361 4203 angelorum,
1408 4134 1793 4189 immortalium
1857 4134 2187 4200 mortalium,

619 4221 827 4276 ratione
880 4222 1185 4277 carentium
1244 4223 1456 4278 ratione
1505 4225 1890 4294 praeditorum;
1922 4240 2046 4279 nam
2096 4225 2191 4296 qui

618 4312 849 4366 aniuium
898 4314 1052 4378 dixit,
1087 4314 1279 4384 inquit,
1325 4315 1567 4369 omnium
1619 4315 1780 4370 dixit.
1813 4315 1881 4371 Et
1922 4317 1967 4371 si
2016 4316 2178 4384 cujus,

2301 4316 2492 4386 Οὗτος
2512 4314 2592 4389 ἦν
2621 4318 2692 4372 ἐν
2718 4312 2880 4385 ἀρχῇ
2923 4315 3075 4383 πρὸς
3095 4312 3202 4367 τὸν
3232 4310 3385 4366 Θεὸν
3403 4352 3418 4375 ,
3454 4309 3646 4365 πάντα
3665 4304 3732 4357 δι’
3751 4301 3843 4389 αὑέ

619 4405 813 4474 inquit,
844 4404 985 4459 oculi
1017 4406 1185 4472 beati,
1219 4406 1307 4460 hic
1351 4406 1555 4462 videbit
1600 4407 1853 4463 attollens
1899 4407 2087 4464 oculos
2139 4410 2178 4465 it

2300 4411 2405 4467 τοῦ
2425 4388 2663 4481 ἐτέκετο
2681 4450 2695 4472 ,
2729 4406 2830 4461 καὶ
2851 4405 3032 4476 χωρίς
3058 4403 3245 4458 αὑτοῦ
3269 4401 3509 4473 ἐγένετο
3537 4397 3671 4454 οὐδὲ
3695 4395 3784 4449 ἓν·
3803 4388 3841 4449 ,ὃ

620 4498 816 4554 ctelum
865 4497 1135 4567 serpentis
1187 4498 1468 4570 pulchram
1543 4500 1833 4570 imaginem
1889 4501 1940 4556 in
2000 4516 2178 4572 magnt

2300 4502 2551 4574 γέγονεν
2586 4501 2656 4555 ἐν
2681 4497 2862 4564 αὐτῷ,
2892 4497 3003 4566 ζωή
3031 4498 3224 4551 ἐστιν.
3272 4496 3364 4548 Ἐν
3401 4492 3550 4564 αὐτῷ
3581 4491 3659 4551 δὲ.
3682 4484 3842 4557 φησὶν.

622 4590 883 4661 principio
921 4590 1044 4645 οωΙί
1082 4605 1202 4647 sese
1246 4601 1545 4648 vertentem
1574 4602 1630 4648 et
1654 4596 2006 4649 exsistentem
2046 4595 2178 4664 prin-

2298 4596 2333 4665 ἡ
2358 4593 2475 4647 Εὕα
2497 4591 2740 4661 γέγονεν.
2768 4592 2801 4661 ἡ
2833 4588 2949 4643 Εὕα
2972 4589 3107 4660 ζωή.
3137 4586 3286 4659 Αὕτη
3327 4587 3409 4653 δὲ,
3452 4584 3636 4656 φησιν,
3666 4575 3845 4645 ἐστίνή

574 4680 589 4697 ’
620 4684 819 4755 cipium
867 4684 1045 4739 omnis
1100 4696 1276 4741 motus
1326 4686 1578 4741 omnibus
1632 4702 1752 4757 qua:
1801 4688 1958 4753 ﬁunt,
2007 4697 2064 4744 et
2103 4703 2178 4743 co-

2301 4684 2436 4753 Εὔα,
2466 4686 2648 4757 μήτηρ
2674 4682 2892 4737 πάντων
2925 4682 3035 4736 τῶν
3069 4680 3305 4746 ζώντων,
3321 4678 3479 4750 κοινὴ
3512 4677 3683 4749 φύσις,
3710 4684 3845 4724 τουτ-

623 4786 846 4849 gnoseet
894 4781 1011 4833 sine
1047 4778 1136 4833 illo
1164 4778 1298 4834 nihil
1326 4794 1497 4849 neque
1522 4779 1825 4835 caelestium
1860 4795 2033 4851 neque
2083 4788 2178 4836 ter-

2301 4779 2417 4833 ἐστι
2478 4777 2615 4832 θεῶν
2658 4776 2929 4845 ἀγγέλων,
2960 4774 3246 4828 ἀθανάτων
3273 4773 3510 4844 Θνητῶν,
3543 4768 3741 4837 ἀλόγων
3771 4762 3847 4851 λο-

626 4870 875 4925 restrium
909 4886 1085 4940 neque
1128 4870 1473 4925 infernalium
1528 4872 1858 4943 constitisse.
1890 4870 2008 4927 Non
2064 4888 2168 4927 nox

2300 4870 2473 4941 γικῶν
2499 4886 2513 4901 ·
2622 4868 2729 4937 γὰρ
2754 4866 2997 4919 πάντων
3016 4905 3030 4928 ,
3073 4863 3239 4934 φησὶν
3264 4904 3278 4926 ,
3320 4860 3494 4915 εἰπὼν
3525 4850 3849 4952 εἰρηκε-πάν·

625 4977 729 5015 nou
771 4962 920 5027 luna,
970 4979 1072 5017 non
1126 4964 1329 5033 fruges,
1364 4980 1468 5017 non
1520 4964 1792 5032 genitura,
1829 4972 1930 5019 non
1971 4964 2173 5019 divitiae

2301 4982 2410 5019 των
2437 4963 2482 4995 ⁸⁸
2505 4980 2520 4995 υ
2549 4944 2645 5016 καὶ
2692 4961 2744 5013 εἰ
2770 4976 2936 5022 τινος,
2977 4957 3164 5027 φησὶν,
3212 4956 3261 5007 οί
3292 4950 3563 5023 ὀφθαλμοί
3596 4944 3849 5048 μακαρία.

627 5070 729 5109 non
764 5056 1036 5123 migratio,
1089 5071 1187 5110 nec
1232 5058 1453 5111 omnino
1502 5058 1795 5127 quidquam
1842 5073 2028 5112 eorum
2078 5074 2178 5127 qua

2306 5053 2462 5121 οὗτος
2493 5056 2684 5126 ὄψεται
2717 5050 3029 5120 ἀναϐλέψας
3073 5048 3156 5111 εἰς
3188 5046 3280 5100 τὸν
3308 5044 3539 5116 οὐρανὸν
3582 5036 3851 5145 τούνδφιωξ

625 5156 753 5201 sunt
793 5157 874 5202 est
903 5147 1022 5201 sine
1050 5148 1413 5216 gubernatore
1458 5149 1569 5204 illo.
1601 5149 1658 5203 In
1696 5150 1797 5206 hoc
1841 5160 1945 5216 est,
1999 5151 2172 5221 inquit

2306 5150 2407 5220 τὴν
2439 5149 2610 5220 καλὴν
2657 5145 2844 5200 εἰκόνα
2891 5144 2948 5195 ἐν
2974 5144 3040 5213 τῇ
3086 5138 3302 5211 μεγάλῃ
3350 5136 3495 5207 ἀρχῇ
3524 5136 3616 5186 τοῦ
3647 5136 3851 5221 οὐρανόν

629 5256 879 5312 magnum
910 5240 1249 5305 miraculum,
1280 5240 1422 5309 quod
1467 5242 1710 5297 cernitur
1736 5242 1802 5297 iis
1827 5242 1878 5296 in
1912 5242 2071 5306 caalo,
2106 5258 2173 5312 qu

2311 5241 2686 5311 στρεφομένην
2726 5239 2820 5292 καὶ
2866 5233 3162 5305 γινομένην
3192 5230 3369 5303 ἀρχὴν
3400 5228 3582 5298 πάσης
3616 5220 3852 5291 κινήσεως

2286 3304 2362 3364 ὧν
2392 3310 2660 3384 ἐρρύσατο
2687 3306 2815 3370 τοὺς
2836 3303 3202 3374 δακνομένους
3230 3302 3259 3353 ὀ
3288 3301 3498 3363 τέλειος
3540 3298 3727 3356 ἐκεῖνος
3746 3289 3829 3357 ,ὃν

2291 3403 2487 3473 ἔστησε
2534 3400 2799 3469 Μωῡσῆς.
2837 3395 3009 3451 Τοῦτό
3065 3398 3204 3457 ἐστι,
3238 3394 3398 3463 φησὶ,
3433 3391 3495 3445 16
3538 3386 3827 3460 εἰρημένον·

2290 3497 2403 3552 Καὶ
2425 3496 2469 3528 ²¹
2498 3495 2573 3549 ὃν
2596 3495 2825 3564 τρόπον
2856 3492 2901 3523 ²²
2938 3490 3149 3559 ὕψωσε
3185 3485 3452 3555 Μωῡσῆς
3481 3487 3586 3538 τὸν
3615 3482 3737 3551 ὄφιν
3777 3477 3832 3530 ἐν

2251 3566 2368 3659 ⁸τῇ
2406 3588 2604 3657 ἐρήμῳ
2631 3627 2646 3650 ,
2686 3586 2874 3651 οὕτως
2923 3581 3241 3653 ὑψωθῆναι
3293 3579 3394 3634 δεῖ
3438 3579 3548 3632 τὸν
3578 3574 3702 3629 Υιὸν
3746 3567 3828 3624 τοῦ

2292 3678 2626 3746 ἀνθρώπου.
2661 3673 2866 3728 Τούτου
2900 3674 3020 3727 κατ’
3063 3671 3249 3725 εἰκόνα
3276 3671 3505 3741 γέγονεν
3533 3672 3561 3724 6
3582 3668 3695 3738 ὄφις
3712 3667 3760 3717 ὲν
3778 3664 3827 3730 τῇ

2293 3772 2485 3843 ἐρήμῳ
2514 3767 2771 3841 χαλκοῦς,
2805 3767 2863 3820 ὃν
2895 3766 3090 3836 ἔστησε
3126 3763 3393 3834 Μωῦσῆς.
3437 3761 3635 3816 Τούτου
3656 3798 3670 3823 ,
3700 3755 3825 3826 φησὶν

2298 3862 2461 3935 μόνου
2510 3861 2570 3913 τὸ
2596 3859 2848 3930 ὁμοίωμα
2878 3856 2955 3931 [0.
2991 3855 3112 3910 154.
3150 3854 3271 3925 I35]
3307 3856 3366 3907 ἐν
3410 3854 3492 3926 τῷ
3545 3847 3731 3924 οὐρανῷ
3753 3846 3827 3897 διὰ

2295 3952 2496 4016 παντός
2527 3953 2674 4004 ἐστιν
2718 3951 2859 4019 φωτί
2886 3946 3180 4019 ὁρώμενον.
3215 3941 3407 4010 Οὗτος.
3438 3944 3622 4015 φησὶν,
3661 3935 3831 4005 ἐστὶνὴ

2300 4045 2511 4119 μεγάλη
2553 4042 2740 4115 ἁρχὴ,
2788 4041 2919 4113 περὶ
2957 4036 3024 4111 ἧς
3078 4041 3415 4110 γέγραπται.
3467 4039 3601 4108 Περὶ
3657 4033 3832 4119 τούτου,

2297 4118 2498 4207 φησιν,
2530 4136 2746 4206 εἴρηται
2770 4148 2784 4163 -
2827 4132 2931 4186 Ἐν
2975 4128 3133 4201 ἀρχῇ
3166 4129 3213 4161 ³³
3241 4124 3319 4199 ἦν
3366 4131 3401 4183 ό
3441 4128 3663 4195 Λόγος,
3703 4118 3837 4174 καὶὸ

2298 4229 2489 4294 Λόυος
2523 4221 2604 4295 ἦν
2631 4224 2784 4294 πρὸς
2819 4223 2930 4277 τὸν
2959 4222 3106 4276 Θεὸν
3134 4260 3150 4284 .
3182 4218 3281 4274 καί
3318 4220 3466 4286 Θεὸς
3494 4215 3571 4289 ἦν
3603 4218 3633 4270 ό
3659 4213 3838 4282 Λόγος.

1898 5394 2136 5450 VARUE
2172 5392 2572 5453 LECTIONES.

1263 5530 1400 5586 "cr.
1437 5533 1645 5588 “Mos.
1704 5549 1776 5595 IV,
1836 5534 1956 5596 ε-ι,
2020 5533 2100 5599 t7,
2152 5548 2204 5587 c.
2255 5548 2352 5599 vtt,
2396 5532 2562 5587 9-15.
2665 5531 2780 5583 ’ἐν
2840 5545 2951 5599 om.
3014 5528 3125 5599 C.”
3181 5526 3224 5599 ’ξ
3252 5522 3335 5599 (gf.
3398 5519 3603 5599 ulna.
3658 5508 3853 5599 tit-3'7;

1352 5582 1399 5635 ίὶ
1425 5582 1743 5674 eam;
1763 5582 1992 5667 hisiis.
2020 5582 2352 5674 ἠ’ἐραέςὶῖ
2375 5582 2438 5668 c',
2468 5582 2562 5674 ait.
2648 5600 2694 5674 τι
2723 5582 2861 5674 est
2886 5598 3030 5674 _M_o_s.
3066 5598 3155 5658 ss,
3191 5594 3346 5674 σεε,
3425 5582 3857 5674 ι’,ετῖῖῇοαπῆξγξρ

1331 5674 1372 5705 ιτ
1405 5649 1740 5729 cirrata?
1769 5649 1913 5727 aia.
1937 5649 2061 5738 :15
2094 5649 2340 5743 sqqﬁé
2366 5649 2857 5743 inaremitti;
2885 5649 3091 5743 tua;
3114 5649 3292 5743 ίίιγειε
3329 5663 3378 5717 ι.
3442 5660 3522 5743 ,ιο
3555 5649 3631 5711 cf.
3657 5649 3851 5743 ius.

640 5724 1251 5821 xxx_ttt,.lti‘:_Ei663w1—6
1281 5724 2004 5821 πρόσωπόείσουξ
2037 5724 2449 5821 ἴδοιῖπρόσωπόν
2486 5743 2629 5821 Θεοῦ.
2671 5740 2927 5821 ’ξ-Ιέίοε.
2959 5741 3081 5821 ᾗ..ξί
3104 5778 3119 5801 ,
3155 5737 3253 5821 u'bi
3276 5724 3830 5821 tinxeriozi'prp3

637 5794 842 5888 figi",
1368 5794 1767 5888 ’ὓζρίιὲξςέιῖέςδᾲ
1790 5794 1912 5883 όςξιν
2477 5794 2864 5867 καίήκαθίλι.
2959 5794 3128 5865 ³³Ἐν.
3171 5804 3325 5863 Joan.
3364 5819 3442 5867 ιιι,
3480 5794 3563 5854 Η.
3597 5794 3795 5849 "lusu.
3819 5801 3857 5851 ι,

622 5885 759 5957 1-4.
834 5887 879 5918 ’⁵
908 5884 1096 5957 εἴρηκε
1127 5886 1360 5942 πάντων.
1394 5887 1580 5956 εἴρηκε
1603 5883 1809 5939 τούτων
1848 5899 1999 5957 susp.
2028 5884 2097 5941 Μ.

698 5533 721 5565 "
748 5533 869 5601 ὄφις
912 5530 1063 5602 ὄφεις
1091 5532 1152 5587 C.

634 5603 674 5635 "
717 5602 798 5655 Cf.
838 5604 853 5657 |
894 5603 1024 5658 Mus.
1064 5602 1246 5667 11,15.

633 5674 694 5726 C.
771 5673 815 5703 ¹⁶
855 5676 1012 5741 μόνον
1051 5673 1124 5737 C,
1156 5674 1225 5728 Μ’.
