4070 6518
221 483 360 547 3175
888 478 901 482 “
1330 478 1626 539 CONTRA
1666 479 2030 541 H.ERESES
2063 481 2210 541 LIB.
2250 483 2295 542 V
3336 485 3474 551 3176

218 596 353 647 πᾶσι
402 590 520 653 τοῖς
563 587 871 659 γινομένοις
898 628 912 650 ,
952 587 1049 641 καὶ
1092 585 1359 656 γνώσεται
1403 589 1448 620 ’⁸
1498 590 1580 643 ὃτι
1631 596 1799 660 χωρὶς

1904 603 2125 660 possunt
2154 606 2396 647 cernere.
2428 593 2639 647 Etenim
2679 596 2745 649 ad
2792 612 3061 652 summum
3117 596 3233 665 eius
3293 610 3473 668 caput.

216 684 382 739 αὑτοῦ
418 681 618 755 [οὐδὲν]
669 683 715 714 ’⁸
750 680 875 735 οὔτε
909 681 1018 734 τῶν
1056 680 1324 751 οὐρανίων
1373 680 1497 733 οὔτε
1525 682 1636 734 τῶν
1672 683 1793 733 ὲπι-

1904 685 2042 754 quod
2074 685 2305 738 maxime
2354 685 2668 739 incredibile
2714 696 2797 741 est
2836 690 2899 742 iis
2945 691 3034 759 qui
3074 692 3343 754 nesciunt,
3376 692 3475 744 mi-

215 777 376 846 γεὶων
409 777 531 832 οὔτε
586 778 695 831 τῶν
732 777 1103 847 καταχθονίων
1152 777 1481 849 συνέστηκεν
1524 793 1537 807 ·
1572 778 1633 831 οὐ
1673 777 1791 843 νὺξ,

1904 786 2111 831 sccntur
2144 787 2191 829 et
2226 793 2443 831 occasus
2471 788 2519 831 et
2559 787 2703 833 ortus
2733 781 2973 839 invicem.
3014 781 3123 836 Hoc
3150 791 3253 848 est,
3279 783 3343 835 de
3369 793 3476 850 quo

216 872 273 923 οὐ
306 870 529 940 σελήνη,
566 870 627 922 οὑ
670 870 893 940 καρποὶ,
931 869 990 921 οὗ
1027 869 1240 936 γένεσις
1264 911 1279 935 ,
1311 874 1371 925 οὐ
1413 871 1662 934 πλοῦτος,
1693 871 1794 941 οὐχ

1904 869 2034 922 dixit
2065 871 2390 939 ignorantia,
2422 871 2473 921 in
2505 872 2664 925 ωηο.
3110 862 3113 865 ’

216 960 515 1030 ὁδοιπορία,
544 960 652 1014 οίιδ⁹
685 961 819 1023 ὅλως
849 979 901 1015 τι
933 961 1042 1014 τῶν
1071 961 1240 1016 ὄντων
1308 964 1424 1016 ἐστὶ
1453 964 1578 1034 δίχα
1636 962 1995 1033 σημαίνοντος
2086 960 2317 1016 ἐκείνου.
2367 964 2491 1015 Ἐπὶ
2540 964 2755 1024 τούτου,
2789 965 2799 1035 |
2833 966 3019 1035 emota,
3089 965 3209 1019 ἐστὶ
3238 966 3300 1018 τὸ
3334 966 3477 1035 μέγα

218 1051 405 1121 θαῦμα
457 1050 733 1122 ὁρώμενον
792 1053 850 1104 ἐν
901 1051 979 1122 τῷ
1028 1052 1241 1124 οὐρανῷ
1297 1057 1411 1118 τοῖς
1462 1054 1781 1124 δυναμένοις
1824 1053 1972 1106 ἰδεῖν.
2007 1053 2167 1105 Κατά
2208 1054 2336 1123 γὰρ,
2371 1056 2522 1125 φησὶ,
2591 1056 2793 1127 ταύτην
2826 1059 2923 1128 τὴν
2974 1058 3148 1128 ἄκραν
3178 1058 3343 1111 αὐτοῦ
3376 1057 3477 1125 τὴν

219 1141 495 1211 κεφαλὴν.
528 1142 666 1212 ὅπερ
692 1141 907 1195 πάντων
938 1143 1291 1215 ἀπιστότερον
1316 1147 1427 1207 τοῖς
1485 1145 1583 1197 οὐκ
1614 1140 1805 1208 εἰδόσι,
1838 1146 2161 1214 μίσγονται
2200 1144 2245 1175 ’⁷
2291 1144 2469 1212 δύσις
2545 1164 2607 1201 τε
2659 1149 2756 1201 καὶ
2811 1150 3078 1217 ἀνατολὴ
3151 1149 3473 1217 ἀλλήλαις.

220 1234 476 1286 Τουτέστι
511 1234 638 1303 περὶ
662 1228 723 1287 οὗ
752 1230 905 1287 εἶπεν
935 1236 968 1305 ἡ
1002 1236 1247 1302 ἀγνωσία
1272 1252 1286 1267 ’
1331 1236 1435 1289 Ἐν
1458 1236 1713 1304 οὐρανῷ·

269 1346 585 1401 Εἱλεῖταιη
601 1346 753 1416 μέγα
771 1347 966 1416 θαῦμα
983 1347 1223 1416 Δράκων
1247 1349 1466 1403 δεινοῖο
1488 1348 1779 1417 πελώρου.

2020 1344 2254 1398 Volvitur
2283 1362 2529 1415 magnum
2555 1347 2869 1401 miraculum
2890 1349 3047 1402 draco
3078 1352 3475 1427 vasti‘porlenti.

232 1459 601 1531 Ἐκατέρωθεν
626 1459 681 1512 δὲ
708 1458 872 1513 αὑτοῦ
904 1461 950 1491 ’⁸
977 1460 1387 1532 παρατέτακται
1414 1461 1683 1530 Στέφανος
1700 1462 1794 1514 καὶ

1904 1458 1980 1513 Ab
2011 1468 2240 1526 utraque
2272 1470 2452 1512 autem
2490 1472 2640 1528 parte
2657 1463 2901 1530 apposita
2934 1473 3017 1517 est
3050 1480 3250 1520 corona
3274 1478 3327 1521 et
3362 1466 3476 1536 lyra

225 1552 409 1622 Λύρα,
448 1552 543 1606 καὶ
588 1553 707 1605 κατ’
745 1551 914 1624 αὐτὴν
947 1551 1154 1637 ἄνωθεν
1202 1552 1299 1625 τὴν
1344 1552 1584 1625 κεφαλὴν
1617 1553 1793 1623 ἀκραν

1904 1561 1954 1607 et
2005 1553 2073 1606 ad
2114 1552 2294 1623 ipsum
2342 1569 2578 1621 superne
2616 1571 2886 1610 summum
2937 1570 3101 1626 caput
3148 1560 3478 1616 miserabilis

225 1644 451 1707 ἐλεεινὸς
484 1643 801 1715 ἄνθρωπος,
832 1645 861 1697 ό
900 1645 987 1697 Ἐν
1036 1643 1257 1713 γόνασιν
1310 1646 1459 1697 ἐστιν
1492 1644 1791 1716 ὁρώμενος,

1904 1644 2083 1709 homo,
2116 1643 2209 1715 qui
2238 1654 2321 1701 est
2356 1645 2408 1700 in
2438 1649 2701 1716 genubus,
2731 1658 2814 1701 est
2843 1652 3191 1718 conspicuus,

287 1755 597 1823 Δεξιτεροῦ
641 1754 825 1822 ποδὸς
867 1754 1055 1824 ἀκρον
1083 1756 1240 1825 ἔχων
1262 1756 1307 1788 ³ο
1358 1756 1628 1825 σκολιοῖο
1650 1755 1797 1825 Δρά-

1426 1756 1628 1849 εολιοῖο
1650 1756 1797 1825 Δρά-
1973 1756 2158 1810 Dextri
2179 1757 2325 1825 pedis
2354 1770 2641 1813 extremum
2674 1761 2868 1814 habens
2917 1761 3080 1831 juxta
3118 1774 3322 1849 vasrtnm
3349 1767 3478 1820 dra-

1448 1844 1683 1892 κοντος.
1826 1856 1870 1910 Β

3198 1833 3423 1905 [canem

230 1940 381 1994 Κατά
414 1940 470 1993 δὲ
522 1941 615 1995 τὸν
646 1940 813 1995 νῶτον
846 1940 941 1995 τοῦ
1003 1941 1091 1994 Ἐν
1136 1942 1361 2009 γόνασίν
1390 1942 1544 1996 ἐστιν
1595 1942 1796 2013 ἀτελὴς

1904 1939 1978 1995 Ad
2010 1940 2230 1994 dorsum
2260 1949 2439 1994 autem
2469 1940 2608 2008 ejus,
2636 1943 2726 2012 qui
2774 1944 2827 1998 in
2856 1946 3100 2014 genubus
3135 1956 3244 2011 est,
3278 1948 3479 2017 imper-

226 2035 344 2101 ὄφις
373 2034 721 2103 ἀμφοτέραις
764 2034 883 2096 ταῖς
913 2034 1074 2104 χερσὶ
1100 2034 1535 2105 κατεσφιγμένος
1565 2034 1671 2087 ὑπὸ
1701 2036 1798 2089 τοῦ

1904 2035 2072 2090 fectus
2089 2044 2174 2090 est
2202 2048 2448 2104 serpens,
2474 2038 2738 2092 ambabus
2765 2041 3013 2096 manibus
3043 2043 3377 2098 constrictus
3409 2046 3477 2099 ab

236 2125 538 2195 Ὀφιούχου,
575 2127 670 2179 καὶ
692 2124 1038 2196 κωλυόμενος
1063 2127 1374 2195 ἐφάψασθαι
1402 2126 1498 2180 τοῦ
1530 2126 1799 2196 στεφάνου

224 2218 631 2289 παρακειμένου
663 2217 742 2288 τῷ
767 2217 955 2288 τελείῳ
987 2217 1129 2287 ϐφει.

288 2311 376 2373 ιζ’.
410 2309 562 2380 Αὕτη
594 2311 628 2380 ἡ
656 2311 1032 2380 παμποίκιλος
1071 2312 1234 2380 σοφία
1266 2314 1368 2379 τῆς
1396 2310 1439 2343 ³¹
1484 2313 1800 2383 Περατικῆς

230 2404 514 2472 αἱρέσεως,
550 2404 617 2473 ἠν
644 2402 880 2466 ἐξειπεῖν
922 2404 1104 2456 πᾶσαν
1130 2403 1413 2473 δυσχερὲς,
1435 2404 1607 2468 οὕτως
1635 2401 1803 2459 οὖσαν

228 2494 445 2548 σκολιὰν
504 2495 591 2549 διὰ
650 2495 711 2550 τὸ
756 2496 821 2548 ἐκ
865 2495 969 2565 τῆς
1022 2497 1418 2569 ἀστρολογικῆς
1460 2498 1635 2551 δοκεῖν
1682 2516 1801 2551 συν⁴

224 2589 461 2643 εστάναι.
487 2589 640 2643 Καθὸ
664 2586 756 2644 οὖν
783 2590 1006 2644 δυνατὸν
1024 2583 1114 2660 ἦν,
1136 2590 1201 2641 δι’
1220 2589 1415 2657 ὀλίγων
1426 2590 1606 2643 πᾶσαν
1630 2590 1801 2660 αὐτῆς

226 2682 322 2752 τὴν
345 2681 580 2752 δύναμιν
628 2681 1006 2753 ὲκτεθείμεθα.
1046 2684 1162 2736 ’Ίνα
1190 2682 1245 2735 δὲ
1274 2682 1343 2735 δι’
1387 2681 1467 2754 [μ.
1494 2682 1799 2754 135-ίὸ7]

224 2774 491 2843 ὶπιτομῆς
513 2774 614 2845 τὴν
641 2776 823 2828 πᾶσαν
852 2775 1030 2827 αὐτῶν
1063 2774 1288 2844 γνώμην
1315 2774 1629 2845 ὲκθὼμεθα,
1653 2774 1803 2828 δοκεῖ

225 2866 540 2936 προσθεῖναι
590 2866 782 2922 ταῦτα.
822 2868 978 2921 Ἔστι
1007 2869 1127 2921 κατ’
1161 2868 1361 2931 αὐτοὺς
1393 2869 1436 2900 ³⁸
1466 2868 1528 2921 τὸ
1554 2870 1664 2922 πᾶν
1695 2884 1803 2921 πα·-

224 2959 345 3027 τὴρ,
374 2958 511 3022 υἱὸς,
538 2956 643 3029 ὕλη
674 2974 685 2987 ·
713 2958 916 3012 τούτων
949 2959 1058 3011 τῶν
1079 2959 1247 3029 τριῶν
1278 2958 1508 3012 ἕκαστον
1539 2959 1803 3030 ἀπείρους

229 3051 339 3119 ἔχει
385 3050 647 3119 δυνάμεις
690 3052 748 3103 ὲν
781 3049 981 3120 ἑαυτῷ.
1015 3050 1317 3114 Καθέζεται
1353 3046 1447 3104 οὖν
1484 3050 1649 3120 μέσος
1698 3050 1804 3119 τῆς

228 3139 357 3211 ὓλης
389 3139 487 3193 καὶ
520 3138 613 3207 τοῦ
662 3139 871 3209 πατρὸς
904 3142 932 3193 6
977 3140 1122 3204 υἱὸς,
1172 3143 1200 3193 ό
1249 3140 1405 3209 λόγος
1430 3182 1445 3206 ,
1476 3142 1505 3193 6
1543 3142 1670 3211 ὄφις
1713 3142 1801 3195 ἀεὶ

227 3233 542 3303 κινούμενος
574 3233 711 3305 πρὸς
740 3234 997 3305 ἀκίνητον
1026 3234 1118 3287 τὸν
1148 3235 1365 3303 πατέρα
1412 3235 1511 3288 καὶ
1540 3234 1801 3305 κινουμέ-

227 3342 319 3394 νην
351 3326 456 3395 τὴν
508 3323 673 3394 ὓλην,
729 3326 818 3377 καί
849 3342 978 3378 ποτε
1028 3326 1125 3395 μὲν
1178 3327 1470 3397 στρέφεται
1526 3328 1664 3400 πρὸς
1704 3328 1800 3381 τὸν

225 3418 458 3489 πατέρα.
488 3416 583 3470 καὶ
619 3416 989 3487 ἀναλαμϐάνει
1029 3417 1128 3480 τὰς
1156 3418 1411 3489 δυνάμεις
1436 3422 1513 3483 είς
1551 3421 1610 3473 τὸ
1635 3419 1804 3491 πρόσ-

222 3527 370 3563 ωπον
417 3506 636 3573 ἑαυτοῦ,
673 3508 956 3563 ἀναλαϐὼν
983 3510 1040 3563 δὲ
1093 3512 1191 3574 τὰς
1220 3510 1481 3582 δυνάμεις
1510 3512 1802 3582 στρέφεται

224 3603 362 3675 πρὸς
387 3603 490 3673 τὴν
522 3600 674 3674 ὓλην,
710 3603 806 3655 καὶ
838 3604 873 3673 ἠ
902 3603 1000 3674 ὕλη
1028 3603 1217 3666 ἄποιος
1249 3599 1387 3657 οὖσα
1420 3604 1516 3657 καὶ
1548 3606 1804 3675 ἀσχημά-

224 3713 400 3759 τιστος
434 3695 766 3750 ὲκτυποῦται
795 3693 808 3767 Ι
839 3696 935 3759 τὰς
961 3696 1108 3760 ἰδέας
1130 3695 1238 3749 61:6
1258 3695 1352 3749 τοῦ
1375 3695 1515 3761 υἱοῦ,
1547 3695 1614 3759 ἃς
1639 3698 1667 3750 6
1690 3696 1803 3760 υίὸς

226 3789 329 3842 61:6
364 3788 464 3843 τοῦ
502 3788 711 3859 πατρὸς
757 3789 1095 3844 έτυπὼσατο.
1142 3787 1503 3842 Ἑκτυποῦται
1540 3789 1597 3842 δὲ
1645 3789 1674 3840 6
1704 3788 1805 3857 μὲν

223 3882 341 3947 υἱδς
366 3882 479 3936 61:6
503 3881 600 3936 τοῦ
646 3882 854 3953 πατρὸς
883 3883 1137 3954 ἀρῥήτως
1166 3880 1263 3934 καὶ¹
1297 3880 1511 3942 ἀλάλως
1541 3879 1639 3933 κα)⁵
1668 3880 1806 3948 άμε-

221 3974 531 4037 ταστάτως,
556 3971 730 4036 οὕτως
767 3971 841 4035 ὥς
872 3988 1007 4043 φησι
1037 3970 1279 4040 Μωῦσῆς
1315 3969 1427 4024 61:6
1449 3969 1559 4024 τῶν
1591 3968 1805 4041 ῥάϐδων

224 4065 332 4120 τῶν
360 4064 476 4121 61:6
507 4063 617 4119 τῶν
652 4063 1019 4135 ποτιστηρίων
1075 4062 1398 4135 ῥερευκέναι
1433 4061 1501 4114 τὰ
1530 4060 1805 4131 χρώματα

225 4157 331 4211 τῶν
383 4154 890 4225 ἐγκεκισσημένων.
937 4152 1168 4225 Ὁμοίως
1205 4152 1249 4205 δ’
1298 4148 1368 4207 αὖ
1422 4151 1518 4206 καὶ
1565 4152 1675 4206 ἀπὸ
1709 4150 1805 4205 τοῦ

224 4248 342 4303 υἱοῦ
392 4248 487 4302 ἐπὶ
518 4249 620 4318 τὴν
665 4246 799 4317 ὓλην
840 4245 1159 4317 ῥερευκέναι
1192 4243 1293 4308 τὰς
1353 4242 1612 4313 δυνάμεις
1663 4242 1808 4296 κατά

224 4342 287 4395 τὸ
313 4340 631 4410 ὲγκίσσημα
665 4336 766 4407 τῆς
818 4337 1102 4407 δυνάμεως
1152 4336 1253 4406 τῆς
1302 4334 1411 4389 61:6
1440 4334 1549 4389 τῶν
1593 4333 1807 4404 ῥάϐδων

224 4434 318 4487 ἐπὶ
347 4432 418 4486 τὰ
449 4429 893 4501 ὲγκεκισσημένα
916 4442 932 4460 ο
964 4428 1076 4499 ἡδὲ
1103 4427 1342 4498 διαφορά
1368 4426 1477 4480 τῶν
1498 4426 1807 4497 χρωμάτων

1898 2127 2169 2197 ophiucho
2200 2138 2257 2183 et
2288 2130 2594 2197 prohibitus
2618 2131 2884 2199 attingere
2915 2148 3171 2189 coronam
3216 2118 3501 2205 adjacen?

1901 2228 2007 2275 tem
2037 2219 2275 2288 perfecto
2304 2224 2562 2289 serpenti.

1970 2312 2059 2366 i7.
2112 2310 2240 2367 Haec
2283 2315 2531 2383 pervaria
2580 2315 2845 2385 sapientia
2885 2315 3110 2373 haeresis
3174 2318 3474 2385 Peraticze,

1899 2418 2060 2473 quam
2096 2405 2313 2459 edicere
2346 2406 2660 2467 universam
2696 2408 2923 2463 arduum
2954 2419 3058 2470 est,
3107 2419 3215 2464 tam
3255 2428 3475 2482 pravani

1900 2494 2067 2557 illam,
2102 2495 2227 2564 quia
2275 2510 2343 2550 ex
2386 2497 2777 2565 astrologorum
2816 2508 2936 2555 arte
2982 2500 3199 2553 videtur
3242 2502 3472 2556 deducta

1900 2602 2057 2659 esse;
2091 2587 2365 2654 Quantum
2411 2589 2577 2658 igitur
2611 2589 2726 2645 ﬁeri
2772 2602 3008 2660 poterat,
3040 2592 3231 2661 paucis
3258 2608 3475 2648 omnem

1901 2679 2008 2731 vim
2055 2677 2174 2744 ejus
2217 2680 2588 2749 eXposuimus.
2618 2679 2688 2735 Ut
2719 2690 2899 2736 autem
2943 2696 3042 2750 per
3094 2684 3473 2752 compendium

1905 2770 2256 2842 196-197
2287 2787 2503 2828 onmem
2539 2788 2727 2828 eorum
2778 2775 3078 2829 doetrinam
3122 2776 3474 2845 explicemus,

1900 2864 2077 2934 placet
2115 2865 2316 2919 addere
2364 2865 2498 2921 haec.
2532 2866 2625 2921 Est
2673 2868 2969 2923 secundum
3010 2869 3133 2924 illos
3161 2871 3471 2925 universum

1912 2963 2088 3025 pater,
2124 2953 2289 3015 ﬁlius.
2330 2956 2578 3011 materia.
2610 2955 2810 3011 Horunt
2859 2959 3019 3012 trium
3061 2959 3481 3029 unumquodque

1911 3044 2158 3099 infinitas
2204 3044 2367 3099 habet
2398 3056 2696 3115 potestates
2738 3048 2792 3103 in
2824 3064 2962 3103 sese.
3017 3049 3278 3105 Consedit
3311 3050 3479 3122 igitur

1907 3135 2116 3189 medius
2150 3134 2295 3189 inter
2325 3138 2611 3190 materiam
2647 3147 2701 3192 et
2730 3147 2937 3207 patrem
2967 3139 3131 3204 filius,
3164 3138 3339 3209 lngus,
3364 3155 3481 3195 ser-

1903 3241 2056 3296 pens,
2090 3242 2306 3297 semper
2340 3243 2459 3284 sese
2500 3244 2723 3284 movens
2768 3231 2833 3283 ad
2867 3231 3145 3286 immotum
3180 3242 3387 3301 patrem
3426 3244 3481 3287 et

1901 3334 2023 3375 sese
2051 3329 2356 3375 moventem
2383 3322 2689 3385 materiam,
2721 3332 2775 3376 et
2814 3322 3105 3391 aliquando
3151 3323 3382 3378 vertitur
3412 3325 3478 3378 ad

1902 3420 2109 3480 patrem
2156 3420 2212 3466 et
2264 3411 2459 3479 recipit
2509 3422 2803 3481 potestates
2850 3414 2903 3467 in
2956 3428 3241 3483 personam
3288 3429 3477 3479 suam;

1903 3514 2187 3573 postquam
2217 3514 2399 3559 autem
2436 3506 2638 3574 recepit
2665 3514 2985 3573 potestates,
3005 3507 3239 3561 vertitur
3266 3508 3332 3560 ad
3367 3522 3483 3561 ma-

1903 3595 2115 3659 teriam,
2146 3604 2201 3650 et
2229 3596 2483 3656 materia,
2518 3611 2708 3651 carens
2733 3596 2995 3665 qualitate
3028 3606 3082 3651 et
3115 3596 3303 3666 figura,
3333 3598 3387 3651 in
3418 3613 3482 3653 se

1900 3688 2106 3757 elilngit
2148 3689 2301 3743 ideas
2331 3704 2361 3741 a
2404 3688 2537 3753 lilio,
2584 3704 2721 3758 quas
2764 3689 2905 3743 ﬁlius
2939 3704 2967 3742 a
3012 3698 3167 3758 patre
3200 3690 3251 3742 in
3294 3704 3355 3743 se
3402 3689 3483 3743 ef-

1905 3779 2080 3835 finxit.
2124 3764 2414 3848 Eiﬁngitur
2458 3791 2639 3835 autem
2691 3781 2832 3835 ﬁlius
2864 3796 2892 3834 a
2935 3792 3090 3851 patre
3139 3779 3483 3835 ineffabiliter

1904 3882 1959 3928 et
1991 3873 2313 3928 iuvocaliter
2356 3882 2411 3927 et
2459 3873 2803 3927 intransitive
2830 3873 2911 3929 sic
2959 3874 3035 3926 uti
3068 3872 3198 3926 dicit
3240 3871 3416 3926 Moses
3448 3888 3479 3929 a

1902 3963 2070 4033 virgis
2094 3978 2159 4017 ex
2197 3962 2496 4032 potisteriis
2520 3962 2832 4031 conspicuis
2858 3962 3077 4017 ﬂuxisse
3104 3962 3317 4017 Colores
3351 3976 3482 4017 con-

1904 4064 2183 4122 ceptorum
2229 4053 2459 4108 fetuum.
2493 4054 2760 4109 Similiter
2794 4063 2978 4111 autem
3012 4070 3205 4111 rursus
3246 4056 3409 4111 etiam
3448 4071 3479 4111 a

1907 4145 2016 4201 [ilio
2050 4146 2102 4199 in
2149 4147 2433 4201 materiam
2467 4145 2688 4201 ﬂuxisse
2718 4156 3017 4217 potestates
3046 4148 3113 4201 ad
3146 4150 3317 4205 instar
3344 4147 3482 4206 infe-

1918 4238 2143 4294 tationis
2171 4239 2459 4305 potestatis
2484 4254 2604 4305 quae
2640 4240 2977 4295 redundabat
2997 4256 3026 4295 a
3058 4242 3228 4311 virgis
3264 4242 3330 4297 ad
3352 4258 3483 4297 con-

1906 4339 2097 4398 ceptus
2126 4329 2288 4383 fetus.
2323 4328 2634 4385 Dilferentia
2676 4341 2858 4386 autem
2890 4331 3132 4387 colorum
3166 4341 3223 4387 et
3242 4332 3483 4389 dissimi-

1908 4422 2101 4488 litudo,
2134 4437 2255 4491 qua!
2288 4420 2442 4477 ﬂuxit
2471 4438 2501 4476 a
2535 4422 2700 4493 virgis
2728 4438 2827 4493 per
2868 4439 3039 4494 aquas
3069 4425 3139 4480 ad
3172 4440 3325 4489 oves,
3376 4426 3482 4481 dif-

226 4526 319 4578 καὶ
352 4526 386 4594 ἠ
420 4521 744 4591 ἀνομοιότης
774 4522 1016 4590 ῥεύσασα
1044 4518 1152 4571 61:6
1176 4518 1284 4570 τῶν
1330 4516 1541 4588 ῥάϐδων
1569 4514 1658 4568 διὰ
1691 4515 1803 4569 τῶν

1909 4516 2163 4582 ferentia,
2212 4515 2416 4584 inquit,
2463 4516 2829 4586 generationis
2875 4524 2960 4571 est
3000 4516 3247 4572 mortalis
3293 4526 3347 4572 et
3374 4518 3480 4572 im-

226 4615 436 4670 ὖδάτων
482 4614 577 4667 ἐπὶ
619 4614 688 4666 τὰ
735 4612 989 4684 πρόϐατα
1023 4610 1297 4681 διαφορὰ,
1330 4609 1485 4680 φησι,
1532 4607 1801 4679 γενέσεώς

228 4709 348 4762 ἔστι
383 4706 635 4777 φθαρτῆς
664 4707 757 4760 καὶ
797 4704 1079 4776 ἀφθάρτου
1100 4721 1117 4737 ο
1151 4702 1354 4773 μᾶλλον
1390 4702 1450 4755 δὲ
1472 4700 1661 4772 ὥσπερ
1696 4702 1804 4766 ξω-

227 4799 462 4872 γραφῶν
486 4798 595 4851 61:6
617 4796 725 4849 τῶν
756 4796 910 4861 ζώων
939 4795 1104 4865 μηδὲν
1136 4792 1538 4864 ἀφαιρούμενος
1567 4794 1631 4863 τῇ
1664 4808 1805 4862 γρα-

229 4893 341 4961 φεδι
372 4891 559 4953 πάσας
582 4889 675 4942 ἐπὶ
707 4888 798 4942 τὸν
825 4888 1030 4942 πίνακα
1068 4885 1366 4957 μεταφέρει
1406 4884 1509 4949 τὰς
1536 4884 1680 4947 ἰδέας
1705 4885 1804 4952 ἐγ-

227 4986 479 5054 γράφων,
512 4981 684 5045 οὖτως
710 4982 740 5032 6
784 4980 899 5043 υἱὸς
922 4982 989 5051 τῇ
1017 4978 1241 5049 δυνάμει
1269 4980 1334 5048 τῇ
1365 4975 1555 5031 ἑαυτοῦ
1576 4975 1684 5030 ἀπὸ
1708 4973 1804 5029 τοῦ

230 5074 440 5147 πατρὸς
470 5074 564 5127 ἐπὶ
586 5073 684 5143 τὴν
715 5070 846 5141 ὓλην
869 5072 994 5133 τοὺς
1026 5069 1326 5139 πατρικοὺς
1363 5067 1658 5139 μεταφέρει
1700 5083 1799 5137 χα-

234 5166 534 5237 ρακτῆρας.
565 5165 750 5218 Ἔστιν
790 5157 882 5215 οὖν
910 5160 1089 5215 πάντα
1117 5158 1185 5213 τά
1222 5158 1467 5229 πατρικά
1500 5157 1685 5211 ἐνθάδε
1709 5157 1805 5211 καὶ

232 5258 403 5311 οὐδέν.
436 5259 500 5310 Εἰ
528 5256 637 5325 γάρ
670 5272 773 5317 τις,
800 5254 983 5324 φησιν,
1018 5250 1292 5321 έξισχύσει
1320 5251 1429 5306 τῶν
1461 5249 1650 5303 ἐνθάδε
1698 5266 1801 5304 κα-

232 5348 559 5421 τανοηθῆναι
587 5347 632 5378 ⁸³
664 5347 746 5399 ὃτι
787 5344 906 5399 ἐστι
942 5343 989 5376 ³⁸
1015 5340 1278 5414 πατρικὸς
1309 5340 1561 5413 χαρακὴρ
1601 5340 1807 5395 ἄνωθεν

1912 4608 2182 4663 mortalis.
2215 4606 2404 4664 Potius
2432 4618 2611 4663 autem
2642 4609 2785 4665 sicut
2811 4610 3036 4682 pingens
3058 4610 3128 4665 ab
3160 4610 3483 4666 animalibus

1911 4700 2045 4760 nihil
2074 4701 2324 4757 auferens
2350 4701 2489 4773 stylo
2511 4717 2700 4757 omnes
2726 4702 2781 4758 in
2803 4701 3039 4759 tabulam
3069 4702 3330 4756 transfert
3355 4717 3483 4772 spe-

1903 4792 2015 4849 cies
2059 4793 2423 4854 iuscribendo.
2474 4793 2546 4848 ita
2599 4792 2742 4848 filius
2793 4803 3063 4864 potestate
3098 4808 3193 4849 sua
3246 4793 3417 4863 ipsius
3449 4810 3481 4849 a

1904 4896 2059 4957 patre
2101 4887 2167 4941 ad
2198 4886 2480 4939 materiam
2513 4895 2769 4954 paternas
2803 4885 3063 4941 transfert
3109 4896 3286 4942 notas.
3342 4885 3485 4941 Sunt

1905 4978 2069 5047 igitur
2095 4979 2275 5033 omnia
2324 4986 2553 5047 paterna
2606 4978 2716 5043 hic,
2751 4993 2851 5034 nec
2898 4979 3217 5048 quidquam.
3248 4977 3385 5033 Nam
3433 4978 3480 5034 si

1906 5071 2049 5139 quis,
2079 5070 2271 5139 inquit,
2310 5069 2509 5125 valebit
2537 5084 2749 5133 eorum,
2801 5070 2891 5139 qui
2937 5070 3025 5126 hic
3071 5079 3220 5136 sunt,
3259 5084 3481 5143 perspe-

1908 5161 2054 5216 xisse
2092 5170 2372 5230 paternam
2411 5175 2469 5216 se
2509 5176 2629 5216 esse
2666 5172 2848 5217 notam
2881 5163 3113 5233 desuper
3163 5162 3480 5218 translatam

1909 5252 2034 5317 huc,
2068 5253 2421 5316 incarnatam,
2456 5253 2611 5323 quasi
2652 5255 3028 5325 gravidatione
3083 5254 3424 5310 redundante
3450 5269 3483 5309 a

1880 5343 2084 5415 'virga,
2118 5344 2298 5400 album
2320 5345 2448 5415 quid
2481 5345 2655 5401 factus
2685 5354 2793 5412 est,
2822 5345 3065 5414 ejusdem
3106 5355 3317 5401 naturae
3356 5362 3481 5403 cum

1534 5474 1767 5529 VARUE
1804 5474 2202 5533 LECTIONES.

308 5616 470 5689 ’ἐκαὶ
494 5616 784 5689 γνώσεται,
804 5610 1531 5689 γνῴσετε(ἰηγνάισιεταιεμ.⁸
1583 5612 1628 5645 ⁸⁸
1657 5614 2039 5689 οὐδὲγᾼοηξᾼϐ.
2115 5618 2159 5650 ⁸⁷
2187 5613 2269 5689 Cf.
2302 5615 2451 5689 A_ra_t.
2472 5631 2522 5671 v.
2553 5615 2621 5670 62
2648 5625 2701 5689 et
2731 5632 2888 5687 supra
2916 5619 3482 5689 ι).Ηϐ,95⁷εΜίσγον-

239 5702 325 5762 ται
348 5683 529 5762 δύσιές
550 5703 608 5738 τε
644 5688 739 5737 καὶ
761 5684 977 5762 ἀντολαὶ
1002 5684 1368 5762 ἀλλήλ-ησινθξ
1388 5683 1470 5762 C_f.
1505 5683 1665 5762 Arat.‘
1687 5700 1735 5738 ν.
1764 5684 1835 5736 46
1863 5702 1876 5737 :
1901 5686 2135 5762 Είλεῖται
2166 5685 2532 5762 μέγα-θαῦμα,
2564 5683 2811 5762 Δράκων,
2845 5683 2975 5762 Έίοί
2998 5691 3046 5762 τξ
3072 5683 3215 5762 ἀμφί
3239 5683 3482 5760 τ’ὲαγὼς

242 5758 467 5827 Μυρίος,
494 5768 548 5809 et
572 5770 743 5827 supra
762 5770 815 5823 p.
846 5754 968 5827 iiii.
1106 5774 1119 5810 :

1218 5755 1318 5822 έγα
1344 5754 1532 5824 θαῦμα
1559 5754 1865 5827 Δράκοντος
1888 5757 2134 5827 πελώρου
2166 5751 2178 5757 ’
2208 5751 2363 5827 "LCL
2407 5751 2566 5827 supra
2686 5757 2809 5821 MS,
2839 5751 2927 5808 12.

3024 5760 3071 5793 ³⁸
3107 5760 3266 5825 ποδὸς
3311 5763 3483 5832 ἀκρον

245 5823 358 5904 ἔχει
372 5830 574 5904 _Aratus
601 5823 774 5904 v._70,
810 5823 967 5904 ποδὸς
989 5824 1287 5904 rivom!»
1307 5823 1467 5904 supra
1490 5839 1543 5891 p.
1582 5823 1708 5891 “6,
1735 5824 1817 5904 ΑΙ.
1878 5826 1935 5904 ,ξι
1956 5823 2068 5904 τῆς
2086 5842 2197 5904 o_m.
2237 5826 2313 5904 CL
2366 5827 2424 5904 _'_’
2445 5823 2527 5884 Cf.
2556 5827 2575 5883 ι
2601 5823 2738 5885 Mos.
2789 5843 2919 5896 xxx,
2946 5829 3015 5887 37
3042 5846 3166 5904 sqq.
3242 5823 3286 5864 ³³
3318 5823 3481 5887 καὶα-

247 5892 514 5971 νοηθῆναι,
543 5897 636 5949 καὶ
668 5892 984 5966 ὲννοηθῆναι
1009 5892 1073 5964 C,
1112 5892 1523 5968 ὡςέννοηθῆναι
1550 5911 1694 5969 susp.
1734 5894 1804 5953 Μ.
1876 5892 2087 5973 ’ξέστῇ
2108 5896 2337 5967 έσταιϐ,
2366 5895 2434 5954 Μ.
