4070 6514
610 440 753 511 3139
2082 440 2453 505 ORIGENIS
3717 449 3838 519 3190

610 557 735 611 dam
759 553 981 608 inventa
1009 555 1117 617 est,
1150 562 1271 619 qua:
1300 546 1560 604 discernit
1587 562 1662 604 aes
1688 549 1758 604 ab
1800 562 1952 607 auro.
1979 548 2191 620 Pariter

2239 560 2264 616 ι
2289 551 2451 623 τέχνη
2477 567 2563 615 τις
2585 548 2816 624 εὓρηται
2843 553 2877 623 ὴ
2904 552 3259 626 διακρίνουσα
3288 555 3379 610 τὸν
3416 554 3611 627 χαλκὸν
3632 558 3734 614 ἀπὸ
3756 562 3835 617 τοῦ

608 649 792 699 autem
821 640 982 697 etiam
1017 639 1064 695 si
1092 638 1233 695 forte
1266 638 1322 694 in
1371 647 1597 710 argento
1634 639 1934 695 cassiteron
1983 650 2073 695 aut
2117 654 2193 695 tes

2296 643 2539 715 χρυσίου.
2588 644 2825 714 Ὁμοίως
2872 644 2931 698 δὲ
2964 645 3069 699 κᾶν
3103 648 3162 699 ὲν
3212 647 3437 719 ἀργύρῳ
3471 650 3773 721 κασσίτερος
3807 656 3834 724 ἢ

606 744 700 791 aut
742 732 947 802 aliquid
1005 732 1249 802 ejusdem
1308 731 1525 799 generis
1576 733 1907 799 inveniatur,
1959 732 2189 788 mistura

2294 733 2496 804 χαλκὸς
2517 734 2551 804 ἡ
2571 751 2625 786 τι
2647 735 2755 787 τῶν
2777 735 3057 805 ὁμογενῶν
3083 739 3566 808 καταμεμιγμένον
3590 741 3834 813 εὑρεθῇιι’

602 826 814 897 potiore
842 826 1078 894 quadam
1112 832 1232 879 arte
1263 832 1316 879 et
1347 824 1463 878 haec
1497 824 1907 880 discernuntur.
1941 824 2060 880 Jam
2091 839 2189 878 au-

2297 826 2500 897 μίξεως
2526 826 2635 881 τινὶ
2662 827 2827 901 τέχνῃ
2878 828 3150 899 κρείττονι
3183 831 3277 883 καὶ
3319 830 3494 885 ταῦτα
3518 832 3832 905 διακρίνεται.

603 928 713 974 tem
744 917 828 973 vel
855 917 979 988 quis
1008 931 1205 987 aquam
1235 917 1363 972 vino
1395 917 1711 986 permistatn
1757 918 2053 973 discernit.
2089 918 2185 982 Ita,

2300 917 2440 989 Ἤδη
2479 917 2536 970 δέ
2572 935 2657 981 τις
2687 919 2780 972 καὶ
2813 918 2959 992 ὕδωρ
2991 921 3328 991 μεμιγμένον
3355 923 3483 995 οίνῳ
3506 924 3753 995 διακρίνει
3778 928 3832 981 τ’.

605 1011 882 1081 inquiunt,
903 1010 1155 1065 universa
1178 1023 1300 1078 quae
1319 1010 1601 1063 comntista
1625 1017 1751 1063 sunt
1781 1010 2185 1064 discernuntur.

2295 1005 2473 1074 Οὕτω,
2504 1010 2661 1077 φασὶ,
2694 1008 2801 1063 κᾶν
2831 1010 2878 1041 ⁷³
2912 1010 3094 1065 πάντα
3125 1011 3193 1065 τὰ
3232 1017 3654 1085 συγκεκραμένα
3670 1016 3712 1047 ’⁸
3737 1017 3834 1070 δια-

602 1102 717 1159 lmo
762 1116 892 1158 vero
925 1101 1010 1157 vel
1067 1099 1136 1155 ab
1168 1098 1518 1165 animalibus,
1564 1100 1792 1171 inquit,
1825 1102 2043 1156 discito.
2092 1099 2190 1155 De-

2293 1098 2553 1166 κρίνεται.
2592 1099 2703 1153 Καὶ
2736 1099 2801 1171 δὴ
2843 1102 2951 1154 ἀπὸ
3003 1102 3111 1156 τῶν
3153 1102 3327 1170 ζώων,
3379 1104 3533 1175 φησὶ,
3588 1109 3835 1178 καταμάν-

601 1198 791 1254 functo
811 1197 955 1253 enim
1011 1194 1232 1250 animali
1265 1194 1475 1265 singula
1518 1210 1747 1265 quaeque
1781 1196 2186 1259 discernuntur,

2293 1190 2423 1245 θανε
2453 1191 2521 1245 ⁷⁸.
2546 1191 2984 1262 Τελευτήσαντος
3008 1193 3117 1266 γὰρ
3140 1196 3233 1249 τοῦ
3261 1194 3400 1260 ζώου
3436 1196 3639 1251 ἕκαστα
3661 1200 3835 1270 διακρί-

601 1301 657 1347 et
676 1289 854 1346 soluto
876 1288 1094 1343 animali
1127 1288 1207 1343 sic
1233 1288 1434 1343 animal
1486 1287 1785 1342 evanescit.
1819 1285 1952 1351 Hoc,
1989 1286 2185 1355 inquit,

2286 1300 2461 1368 νεται,
2495 1285 2591 1338 καὶ
2642 1284 2901 1349 λυθέντος
2945 1285 3089 1340 οὕτω
3139 1287 3200 1341 τὸ
3229 1289 3277 1321 ⁷⁸
3330 1288 3472 1353 ζώον
3526 1291 3832 1359 ἀφανίζεται.

600 1391 687 1439 est
718 1381 861 1450 quod
915 1381 1117 1436 dictum
1142 1388 1270 1435 est:
1308 1379 1433 1434 Non
1495 1380 1612 1433 ueni
1647 1395 1827 1447 pacem
1885 1378 2093 1432 mittere
2131 1378 2187 1431 in

2289 1374 2461 1428 Τοῦτό
2486 1376 2628 1438 ἐστι,
2656 1377 2813 1448 φησὶ,
2840 1376 2902 1429 τὸ
2929 1378 3220 1448 εἰρημένον
3239 1395 3253 1410 ο
3275 1382 3398 1433 Οὐκ
3426 1376 3619 1450 ἦλθον
3642 1383 3683 1413 ⁷⁷
3703 1384 3836 1449 εἰρή-

602 1483 822 1535 terram,
854 1470 944 1524 sed
976 1468 1238 1538 gladium,
1259 1467 1362 1524 hoc
1394 1478 1477 1522 est
1508 1482 1763 1537 separare
1796 1476 1849 1520 et
1876 1466 2188 1522 discernere

2289 1482 2409 1533 νην
2431 1466 2653 1530 ,βαλεῖν
2671 1465 2770 1519 ἐπὶ
2809 1466 2926 1535 τὴν
2945 1467 3087 1536 γῆν,
3110 1470 3274 1524 ἀλλὰ
3285 1470 3837 1541 μάχαιραν,τουτέστι

600 1562 908 1620 oommista.
962 1559 1299 1631 Separantur
1333 1560 1476 1616 enim
1539 1569 1594 1613 et
1642 1560 2030 1613 discernuntur
2068 1559 2185 1613 sin-

2290 1556 2350 1610 τὸ
2380 1556 2598 1627 διχάσαι
2636 1557 2731 1611 καὶ
2762 1558 2997 1628 χωρίσαι
3028 1560 3098 1613 τὰ
3135 1564 3561 1634 συγκεκραμένα
3602 1566 3665 1618 ⁷⁸.
3700 1567 3835 1635 Διχά-

599 1655 720 1727 gula
746 1668 977 1725 quaeque
1012 1653 1426 1708 commistorum
1459 1667 1580 1705 cum
1613 1666 1770 1706 suum
1829 1650 2005 1706 locum
2034 1666 2189 1706 occu-

2289 1650 2441 1716 ζεται
2469 1651 2579 1721 γάρ
2609 1651 2702 1704 καὶ
2731 1650 3067 1723 διακρίνεται
3095 1651 3306 1707 ἕκαστα
3332 1653 3443 1706 τῶν
3491 1657 3833 1727 συγκεκραμέ-

602 1754 751 1819 pant.
782 1747 855 1803 Ut
880 1754 963 1801 est
990 1746 1135 1800 enim
1170 1742 1321 1799 locus
1348 1744 1744 1799 commistionis
1774 1743 2027 1797 omnibus
2063 1742 2185 1798 aui-

2288 1761 2395 1797 νων
2419 1744 2465 1776 ⁷⁸
2493 1743 2697 1796 οἰκείου
2729 1742 2931 1815 χωρίου
2963 1744 3220 1814 τυχόντα.
3261 1744 3350 1809 Ὠς
3379 1747 3491 1817 γάρ
3520 1748 3635 1800 ἐστι
3662 1749 3832 1817 χωρίον

598 1834 833 1891 malibus
861 1848 1020 1900 unus,
1065 1834 1140 1887 ita
1172 1832 1336 1888 etiam
1367 1833 1691 1888 secretionis
1732 1833 1980 1887 constitit
2020 1848 2181 1898 unus,

2291 1833 2646 1905 συγκράσεως
2701 1835 2815 1897 τοῖς
2862 1832 3023 1899 ζώοις
3066 1833 3273 1887 ἅπασιν
3328 1835 3409 1900 ἐν,
3469 1836 3611 1890 οὕτω
3643 1838 3833 1907 καὶτῆς

597 1941 760 1999 quem
788 1924 939 1981 novit
977 1939 1158 1987 nemo,
1197 1923 1393 1994 inquit,
1416 1934 1613 1993 praeter
1640 1938 1738 1979 nos
1767 1923 1934 1987 solos,
1966 1924 2058 1995 qui
2093 1939 2179 1979 rc-

2222 1913 2257 1968 Β
2285 1926 2609 1994 διακρίσεως
2642 1912 2985 1998 καθέστηκεν
3017 1925 3107 1992 ἓν,
3140 1925 3170 1979 δ
3200 1922 3339 1981 οἶδεν
3368 1927 3566 1993 οὐδεὶς,
3606 1930 3772 2001 φησὶν,
3803 1929 3829 1999 ἢ

596 2020 714 2077 nati
747 2032 937 2075 sumus
993 2016 1327 2088 spirituales,
1370 2032 1479 2072 non
1533 2016 1804 2083 carnales,
1836 2030 2067 2086 quorum
2095 2026 2185 2072 est

2288 2016 2440 2086 μόνοι
2465 2017 2649 2087 ἡμεῖς,
2674 2016 2725 2069 οί
2752 2017 3191 2089 ἁναγεννώμενοι
3227 2021 3614 2090 πνευματικοὶ,
3642 2021 3696 2073 οὐ
3721 2036 3830 2090 cap-

595 2111 791 2168 civitas
819 2109 873 2165 in
908 2108 1065 2165 caelis
1104 2123 1292 2178 supra.
1329 2107 1410 2162 Ita
1454 2109 1761 2162 clanculum
1800 2106 2183 2176 snbreptantes

2284 2108 2452 2175 κικοὶ,
2485 2101 2560 2161 ὧν
2592 2107 2707 2162 ἐστι
2737 2109 2799 2161 τὸ
2840 2108 3141 2180 πολίτευμα
3180 2111 3237 2163 ὲν
3267 2111 3520 2182 οὐρανοῖς
3547 2111 3671 2165 ἄνω.
3699 2112 3830 2165 Οὕτω

596 2209 951 2272 corrumpunt
977 2200 1372 2268 auscultantes,
1395 2208 1505 2261 tum
1536 2199 1690 2254 abusi
1714 2199 1896 2265 dictis,
1927 2198 1980 2253 in
2002 2202 2177 2268 quod-

2286 2198 2709 2270 παρεισδύοντες
2730 2198 3109 2268 διαφθείρουσι
3131 2199 3259 2263 τοὺς
3286 2202 3686 2272 ἀκροωμένους,
3704 2202 3830 2254 Ml“

597 2308 810 2364 cunque
830 2291 1016 2348 volunt
1034 2290 1174 2347 male
1191 2291 1575 2361 detorquentes
1596 2290 1737 2345 bene
1765 2289 1931 2356 dicta,
1951 2291 2182 2346 abscon-

2285 2289 2386 2360 μὲν
2415 2285 2801 2361 ἀποχρώμενοι
2842 2292 3051 2361 ῥητοῖς,
3083 2292 3164 2356 είς
3202 2290 3230 2343 ὃ
3275 2290 3491 2345 θέλουσι
3544 2293 3831 2361 συνάγοντες

595 2388 840 2456 duntque
901 2399 1059 2441 suum
1102 2392 1383 2452 peccatum
1450 2397 1547 2453 per
1604 2398 1955 2453 quascunque
2008 2382 2184 2436 lnhuit

2283 2379 2471 2444 κακῶς
2502 2381 2571 2434 τὰ
2602 2380 2784 2444 καλῶς
2810 2381 3100 2453 είρημένα,
3130 2383 3442 2451 φωλεύουσι
3474 2402 3533 2439 τε
3561 2385 3621 2438 τὸ
3650 2385 3828 2438 ἑαυτῶν

595 2478 1051 2548 comparationes.
1088 2474 1288 2529 Omnia
1320 2474 1506 2545 igitur,
1544 2474 1744 2545 inquit,
1774 2474 1934 2530 sicuti
1975 2474 2176 2529 dictum

2283 2471 2527 2542 ἀδίκημα
2576 2472 2665 2526 διὰ
2704 2472 3035 2543 παραδολῶν
3062 2465 3139 2528 ὧν
3170 2472 3479 2544 βούλονται.
3531 2476 3704 2531 Πάντα
3733 2472 3826 2539 οὖν,

593 2579 699 2637 est,
736 2560 1019 2625 commista
1060 2582 1217 2623 suum
1274 2567 1474 2621 habent
1519 2565 1695 2620 locum
1736 2575 2073 2636 curruntqne
2112 2566 2180 2621 ad

2284 2562 2438 2633 φησὶ,
2474 2562 2657 2626 καθὼς
2692 2562 2932 2634 είρηται,
2968 2564 3036 2618 τὰ
3082 2581 3186 2634 συγ
3216 2566 3227 2637 |
3260 2567 3579 2638 κεκραμένα
3610 2570 3712 2638 ἔχει
3739 2587 3829 2638 χω-

594 2659 893 2717 domestica
923 2672 1041 2725 sua,
1070 2664 1131 2711 ut
1178 2655 1381 2711 ferrum
1416 2655 1482 2711 ad
1538 2655 1771 2725 lapidem
1826 2654 2175 2722 Herculeum,

2286 2655 2402 2726 ρίον
2439 2655 2481 2686 ⁸¹
2516 2655 2648 2708 [διον
2679 2655 2773 2708 καὶ
2806 2656 2989 2727 τρέχει
3032 2657 3170 2728 πρὸς
3202 2657 3271 2711 τὰ
3297 2660 3499 2725 οἰκεῖα,
3534 2662 3606 2724 ὼς
3640 2662 3825 2732 σίδηρος

592 2762 648 2810 et
677 2751 828 2824 palea
858 2765 1026 2822 prope
1054 2750 1340 2813 electrum,
1368 2757 1421 2803 et
1454 2757 1641 2803 centro
1669 2748 1864 2803 marini
1901 2748 2180 2818 accipitris

2283 2748 2419 2818 πρὸς
2436 2749 2480 2780 ⁸³
2496 2748 2597 2820 τὴν
2633 2748 2961 2820 Ἡρακλείαν
2984 2748 3152 2815 λίθον,
3172 2751 3267 2803 καὶ
3292 2751 3354 2804 τὸ
3379 2753 3579 2823 ἄχυρον
3596 2753 3825 2823 ἠλέκτρνιυ

595 2842 924 2914 propinquat
946 2854 1162 2895 aurum.
1200 2838 1276 2893 lta
1330 2839 1625 2907 permistus
1652 2853 1804 2909 aqua:
1831 2837 2051 2893 luminis
2089 2853 2179 2893 ra-

2285 2838 2536 2910 πλησίον,
2569 2839 2664 2894 καὶ
2687 2839 2764 2910 τῷ
2789 2839 3001 2911 κέντρῳ
3036 2840 3081 2872 ⁸³
3111 2841 3206 2895 τοῦ
3234 2842 3530 2896 θαλασσίου
3562 2844 3757 2907 ἱέρακος
3778 2844 3826 2895 τὸ

594 2934 736 2999 dius,
774 2932 1137 2990 domesticum
1190 2929 1368 2985 locum
1418 2943 1485 2985 ex
1525 2929 1808 3001 disciplina
1854 2939 1911 2984 et
1957 2930 2180 2984 institu-

2282 2928 2527 2999 χρυσίον.
2585 2926 2772 2991 Οὕτως
2821 2929 2853 2998 ἡ
2902 2927 2997 2981 τοῦ
3037 2932 3533 3003 καταμεμιγμένου
3573 2933 3648 3004 τῷ
3699 2932 3824 2986 ὕδατι

600 3027 748 3082 tione
782 3025 1014 3095 adeptus
1042 3067 1057 3092 ,
1092 3022 1317 3077 festinat
1358 3022 1425 3078 ad
1464 3022 1642 3092 logum
1689 3036 1921 3092 superne
1957 3022 2180 3091 degres-

2282 3013 2459 3082 φωτὸς
2487 3013 2664 3079 ἀκτὶς,
2715 3013 2917 3066 οίκείου
2942 3014 2988 3046 ⁸⁸
3032 3016 3234 3086 χωρίου
3271 3018 3335 3070 ὲκ
3378 3018 3710 3081 διδασκαλίας
3749 3017 3825 3069 καὶ

594 3134 713 3173 sum
747 3118 798 3172 in
835 3116 1074 3187 imagine
1115 3114 1320 3180 servili,
1356 3124 1411 3170 et
1446 3115 1665 3169 exsistit
1697 3130 1821 3169 cum
1874 3115 1995 3183 logo
2024 3113 2177 3183 logus

2285 3106 2574 3177 μαθήσεως
2606 3106 3007 3177 μεταλαϐοῦσα,
3046 3107 3265 3161 σπεύδει
3308 3110 3449 3180 πρὸς
3475 3112 3565 3165 τὸν
3592 3110 3732 3178 λόγον
3749 3110 3824 3162 τὸν

596 3210 730 3275 illic,
753 3209 845 3265 ubi
882 3208 1036 3277 logus
1067 3216 1170 3274 est,
1224 3206 1605 3262 vehementius
1656 3222 1817 3276 quam
1877 3205 2080 3261 ferrum
2110 3206 2175 3260 ad

2281 3197 2488 3252 ἄνωθεν
2522 3197 2747 3251 ἐλθόντα
2787 3200 2845 3251 ὲν
2880 3197 3050 3253 εἰκόνι
3079 3198 3322 3271 δουλικῇ,
3352 3202 3448 3255 καὶ
3490 3202 3687 3271 γίνεται
3713 3198 3824 3271 μετὰ

597 3299 919 3356 Herculeum
942 3298 1201 3369 lapidem.
1240 3298 1304 3351 Et
1335 3299 1449 3352 haec
1475 3298 1548 3351 ita
1570 3313 1690 3353 sese
1725 3297 1947 3362 habere,
1977 3298 2171 3366 inquit,
2202 3307 2204 3322 ‘

2215 3285 2244 3343 Β
2284 3289 2375 3343 τοῦ
2415 3291 2573 3360 λόγου
2603 3290 2760 3360 λόγος
2791 3291 2928 3355 ἐκεῖ,
2969 3291 3104 3346 ὅπου
3157 3292 3316 3362 λόγος
3370 3294 3509 3359 ἐστὶ,
3547 3292 3822 3364 μᾶλλονῆό

595 3391 890 3460 omniaque
917 3388 1152 3445 discerni
1183 3389 1238 3444 in
1288 3388 1597 3444 domesticis
1631 3388 1763 3443 locis
1812 3388 2067 3457 permista
2103 3389 2180 3441 di.

2282 3381 2501 3453 σίδηρος
2543 3381 2682 3454 πρὸς
2720 3382 2819 3454 τὴν
2859 3382 3190 3455 Ἡρακλείαν
3239 3385 3411 3440 λίθον.
3448 3386 3557 3439 Καὶ
3595 3387 3671 3438 ὅτι
3696 3380 3822 3436 ταῦθ’

596 3481 756 3537 scito.
785 3478 987 3534 Puteus
1015 3485 1100 3533 est
1127 3477 1179 3532 in
1210 3477 1394 3533 Persis
1424 3478 1477 3532 in
1516 3477 1650 3533 urbe
1694 3477 1864 3547 Ampa
1910 3476 2061 3545 juxta
2088 3476 2178 3531 τὶ-

2278 3466 2453 3532 οὔτως
2506 3468 2638 3541 ἔχει,
2677 3472 2832 3542 φησὶ,
2861 3473 2957 3524 καὶ
3003 3472 3183 3526 πάντα
3238 3474 3582 3546 διακρίνεται
3619 3474 3698 3528 ἐπὶ
3735 3470 3823 3526 τῶν

595 3569 735 3640 grim
769 3566 1012 3624 ﬂuvium.
1047 3568 1395 3622 Exstructum
1428 3577 1606 3623 autem
1625 3576 1708 3623 est
1730 3568 2175 3640 “315-215

2278 3560 2496 3614 οἰκείων
2556 3563 2738 3616 τόπων
2808 3563 2877 3618 τὰ
2950 3566 3380 3637 συγκεκραμένα
3453 3570 3520 3634 ⁸⁸,
3597 3565 3818 3637 μάνθανε.

595 3671 753 3731 caput
790 3660 936 3731 putei
961 3659 1363 3730 receptaculum
1385 3660 1653 3730 quoddam
1686 3662 1888 3716 habens
1918 3672 2028 3717 tres
2058 3676 2179 3716 car-

2278 3652 2461 3723 Φρέαρ
2494 3653 2641 3707 ἐστὶν
2692 3655 2751 3707 ὲν
2801 3655 3039 3728 Πέρσαις
3090 3660 3148 3711 έν
3182 3659 3378 3731 Ἀμπῃ
3415 3660 3462 3692 ⁸⁸
3516 3660 3659 3713 πόλει
3699 3656 3821 3727 παρὰ

593 3769 750 3812 ceres
775 3770 805 3809 a
831 3767 972 3810 sese.
1001 3753 1080 3808 Ex
1114 3768 1221 3824 quo
1243 3762 1407 3823 puteo
1434 3752 1523 3807 ubi
1552 3753 1675 3824 quis
1719 3755 1962 3809 hauserit
2012 3755 2178 3810 cado-

2279 3742 2372 3795 τὸν
2408 3740 2601 3812 Τίγριν
2652 3745 2899 3814 ποταμόν
2922 3760 2938 3776 °
2976 3745 3326 3817 ᾠκοδόμηται
3356 3749 3416 3803 δὲ
3466 3748 3543 3820 [ρ.
3582 3748 3692 3805 147.
3722 3744 3818 3816 H8]

594 3862 700 3919 que
720 3847 1123 3903 extraxerit‘ex
1152 3856 1314 3918 puteo
1368 3846 1623 3901 haustum
1669 3849 2034 3918 quodcunque
2066 3858 2178 3905 tan-

2281 3833 2435 3905 παρὰ
2455 3834 2517 3888 τὸ
2544 3834 2723 3907 φρέαρ
2760 3835 2875 3889 ἄνω
2900 3835 3171 3910 δεξαμενῇ
3207 3855 3291 3901 τις
3320 3840 3523 3911 ἔχουσα
3551 3841 3687 3913 τρεῖς
3710 3839 3819 3905 ἀφε-

593 3940 715 3996 dem
744 3948 827 3996 est
851 3939 1052 3996 infudit
1100 3940 1153 3995 in
1195 3939 1450 4009 adjaceus
1498 3940 1929 4010 receptaculum.
1974 3940 2174 3997 Fusum

2277 3928 2476 3999 τηρίας
2526 3926 2623 3982 ἀπ’
2687 3928 2879 3999 αὐτῆς.
2936 3924 3012 3982 OB
3068 3931 3304 4001 φρέατος
3351 3933 3626 4005 άντλήσας
3675 3928 3818 3998 κάδδφ

591 4040 772 4088 autem
804 4030 898 4087 ubi
925 4032 1073 4086 venit
1096 4030 1163 4086 ad
1195 4045 1468 4098 carceres,
1513 4031 1567 4087 in
1615 4045 1725 4087 uno
1768 4032 1992 4088 vasculo
2026 4048 2177 4090 rece-

2278 4018 2585 4087 ἁνενέγκας
2618 4018 2679 4071 τὸ
2711 4018 2822 4071 ἀπὸ
2864 4018 2959 4072 τοῦ
2990 4021 3229 4092 φρέατος
3267 4023 3536 4093 ἀντληθὲν
3569 4025 3597 4078 δ
3639 4039 3687 4076 τι
3710 4017 3816 4072 ποτέ

591 4131 744 4193 ptum
775 4122 1126 4190 discernitur,
1159 4132 1214 4178 et
1245 4123 1298 4179 in
1322 4123 1498 4193 primo
1529 4123 1747 4193 quidem
1777 4124 1859 4180 sal
1887 4135 2176 4181 concretus

2281 4110 2453 4172 ἔστιν,
2484 4108 2638 4180 ἔχεεν
2668 4110 2751 4173 είς
2776 4109 2876 4181 τὴν
2905 4113 3325 4184 παρακειμένην
3358 4115 3683 4185 δεξαμενήνο
3705 4108 3817 4164 τὸδὲ

593 4212 902 4277 exhibetur,
934 4212 987 4267 in
1029 4213 1201 4269 altero
1236 4222 1418 4269 autem
1470 4230 1750 4270 carcerum
1786 4216 2086 4285 asphaltus,
2122 4216 2175 4271 in

2277 4201 2441 4273 χυθὲν
2476 4203 2629 4256 ἐλθὸν
2678 4204 2775 4256 ἐπὶ
2806 4203 2906 4268 τάς
2951 4205 3259 4277 ἀφετηρίας
3292 4208 3351 4262 ὲν
3384 4210 3467 4262 ἑνὶ
3511 4207 3683 4262 σκεύει
3709 4205 3816 4258 ἀνα-

594 4303 753 4360 tertio
776 4313 957 4359 autem
988 4305 1188 4360 oleum.
1232 4304 1426 4359 Atrum
1494 4316 1674 4362 autem
1722 4315 1809 4362 est
1844 4305 2055 4373 'oleutn,
2093 4318 2173 4374 ut,

2277 4292 2483 4363 ληφθὲν
2513 4294 2871 4364 διακρίνεται.
2896 4296 3019 4349 Καὶ
3041 4299 3100 4351 ὲν
3125 4299 3227 4368 μὲν
3251 4298 3445 4372 πρώτῃ
3468 4301 3596 4364 ἆλας
3624 4301 3665 4332 ⁸⁷
3700 4311 3817 4367 πηγ-

590 4393 788 4466 inquit,
817 4396 981 4450 etiam
1006 4393 1315 4452 Herodotus
1356 4407 1566 4466 narrat,
1586 4409 1645 4455 et
1673 4400 1895 4455 odorem
1927 4403 2177 4472 praebens

2276 4382 2504 4453 νόμενον
2561 4385 2858 4449 δείκνυται,
2915 4387 2973 4438 ὲν
3034 4388 3201 4460 ἑτέρᾳ
3259 4390 3317 4443 δὲ
3380 4392 3490 4445 τῶν
3543 4386 3816 4460 ἁφετηριῶν

591 4497 830 4555 gravem,
875 4486 1202 4541 rhadinacen
1231 4496 1412 4543 autem
1453 4488 1505 4542 id
1539 4488 1719 4545 Persa:
1764 4502 1977 4547 vocant.
2009 4491 2174 4546 sum-

2276 4473 2573 4542 ἄσφαλτος,
2603 4478 2662 4531 ὲν
2690 4477 2748 4530 δὲ
2796 4479 2862 4548 τῇ
2898 4479 3057 4552 τρίτῃ
3105 4480 3306 4536 ἔλαιον.
3341 4484 3527 4537 Μέλαν
3557 4483 3607 4537 δέ
3636 4486 3735 4534 ἐστι
3767 4477 3816 4529 τδ

590 4575 792 4641 ciebat,
831 4576 1081 4646 inquiunt
1142 4575 1413 4642 Sethiani,
1458 4580 1524 4635 ad
1579 4576 2063 4638 deinonstraudum
2118 4584 2170 4641 id

2207 4635 2243 4647 ..
2276 4566 2476 4633 ἔλαιονυ
2499 4567 2594 4634 ὼῖν
2631 4569 2765 4641 φησὶ
2784 4570 2854 4634 ⁸⁸,
2879 4572 2973 4624 καὶ
3007 4571 3293 4644 Ἡρόδοτος
3314 4575 3536 4647 ἱστορεῖ,
3568 4574 3653 4629 καὶ
3670 4569 3814 4641 ὀσμὴν

589 4667 733 4738 quod
759 4635 1090 4740 propositum
1130 4678 1215 4725 est
1254 4635 1412 4739 putei.
1442 4635 1742 4730 similitudo
1793 4635 1966 4745 magis
2005 4635 2169 4744 quam

2206 4635 2248 4689 Β
2277 4635 2652 4729 παρεχόμενον
2681 4635 2936 4734 βαρεῖαν·
2979 4635 3277 4737 ῥαδινάκην
3300 4666 3356 4719 δὲ
3394 4635 3534 4721 adeo,
3564 4669 3610 4719 οἱ
3638 4635 3813 4734 Πέρσαι

588 4760 769 4817 omnia
803 4776 923 4831 quae
951 4770 1107 4817 antea
1146 4764 1285 4818 dicta
1323 4774 1469 4819 sunt.

2277 4752 2557 4809 καλοῦσιν.
2592 4755 2813 4827 Ἤρκει,
2861 4758 3025 4826 φασὶν
3055 4759 3105 4812 οί
3145 4760 3420 4830 Σηθιανοὶ,
3465 4761 3595 4832 πρὸς
3626 4759 3811 4814 ἀπόδει-

2276 4843 2357 4908 ξιν
2377 4844 2471 4897 τοῦ
2498 4848 2863 4917 προκειμένου
2899 4851 2931 4920 ἡ
2965 4850 3061 4904 τοῦ
3094 4853 3328 4923 φρέατος
3351 4854 3601 4926 ὁμοιότης
3628 4853 3812 4906 πάντων

2276 4934 2475 5003 μᾶλλον
2499 4936 2607 4988 τῶν
2650 4938 3083 5009 προειρημένων.

656 5018 995 5074 2'2.Ahunde
1018 5020 1227 5076 videtur
1258 5021 1414 5078 nobis
1454 5021 1725 5078 declarata
1777 5038 1899 5080 esse
1950 5023 2162 5080 Sethia-

2347 5025 2450 5097 ιβ’.
2493 5026 2719 5093 Ἰκανῶς
2760 5030 2907 5083 δοκεῖ
2934 5032 3064 5101 ἡμῖν
3122 5034 3516 5106 σεσαφηνίσθαι
3552 5035 3594 5068 ⁸⁸
3642 5034 3673 5105 ἠ
3720 5029 3809 5084 τῶν

589 5126 778 5165 norum
826 5113 1114 5167 sententia.
1156 5109 1249 5166 Sin
1289 5112 1411 5182 quis
1454 5127 1668 5169 omnem
1728 5116 2027 5173 secundum
2070 5132 2165 5175 eos

2274 5118 2552 5191 Σηθιανῶν
2585 5122 2801 5193 γνώμη.
2855 5125 2919 5178 El
2956 5126 3013 5179 δέ
3064 5142 3149 5188 τις
3178 5126 3310 5199 δλην
3348 5118 3447 5201 τὴν
3484 5128 3599 5183 κατ’
3642 5122 3810 5185 αὐτοὺς

1875 5271 2107 5329 ΥΔΒΙᾹΞ
2150 5270 2558 5333 LECTIONES.

584 5491 633 5523 u
658 5423 700 5455 "
726 5420 1009 5545 εὑρέθῶο.
1106 5422 1154 5454 ⁷³
1182 5423 1310 5494 οῖνῳ
1328 5423 1625 5511 ηδιακρίνει.
1668 5426 1901 5515 Ἰαίνωδία
1946 5430 2122 5545 ripam
2153 5430 2217 5499 C,
2254 5430 2327 5487 M.
2422 5432 2469 5464 "
2490 5432 2612 5518 κάν.
2650 5434 2745 5488 καὶ
2792 5434 2896 5489 κᾶν
2941 5434 3005 5500 C,
3037 5434 3105 5492 Μ.
3204 5438 3252 5471 ’⁵
3284 5431 3726 5509 συγκεκραμμένα
3754 5427 3803 5482 C.

656 5492 873 5545 κατεμά
939 5508 1031 5545 ανε
1051 5491 1116 5545 C.
1217 5494 1264 5524 "
1295 5511 1439 5545 ουτω
1471 5496 1531 5545 τὸ
1560 5496 1622 5545 τδ
1649 5498 1709 5545 (ι.
1812 5498 1855 5530 "
1889 5498 1973 5545 Cl-
2069 5500 2204 5545 atth-
2245 5518 2293 5545 ι
2331 5501 2401 5545 ΚΛ
2436 5518 2451 5545 ξ
2488 5504 2577 5545 Mn
2609 5504 2866 5545 υηηίηνιτι
2921 5506 2996 5545 af.
3043 5502 3207 5545 manu
3263 5508 3441 5545 anno
3495 5506 3701 5545 cratium
3730 5499 3803 5545 ἐπὶ

656 5491 1031 5573 κατεμάνθανε
1051 5491 1116 5547 C.
1217 5491 1439 5548 ’⁸ὀῦτω
1471 5491 1531 5549 τὸ
1560 5496 1622 5549 τδ
1649 5496 1709 5553 C.
1812 5498 1855 5530 "
1889 5491 2215 5557 CIL'Maith.’
2245 5518 2297 5565 κ,
2331 5501 2401 5557 54
2436 5518 2451 5556 :
2486 5504 2578 5574 Μὴ
2609 5504 2867 5577 νομίσητε
2921 5491 3005 5559 ac;
3043 5502 3207 5577 ἦλθον
3261 5491 3441 5580 βαλεῖν
3492 5491 3701 5577 ἒίρήνην
3730 5499 3806 5550 ἐπὶ

656 5578 685 5616 ν
710 5577 846 5622 την*
877 5563 977 5615 οὐκ
1000 5558 1164 5622 ἦλθον
1200 5563 1381 5622 βαλεῖ)
1421 5567 1662 5622 εἰρήνην.
1697 5566 1833 5622 ἀλλὰ
1866 5570 2161 5622 μάγαιοαν.
2237 5572 2283 5603 ⁷⁸
2307 5574 2775 5622 συγκεκοαιωένα
2799 5576 2858 5622 ι)Δ
2936 5578 2982 5609 τ’
3010 5581 3513 5622 συγκεῖηηιιιιένιιιν
3541 5579 3598 5622 t1.
3670 5573 3708 5603 δ’
3730 5568 3805 5621 ὁτὲ

582 5560 685 5631 τὴν
710 5558 846 5631 γῆν*
877 5563 977 5615 οὐκ
1000 5558 1164 5634 ἦλθον
1199 5563 1381 5653 βμλεῖι
1421 5567 1662 5647 είρήνην,
1697 5566 1833 5622 ἀλλὰ
1866 5570 2161 5642 μάχαιραν.
2237 5558 2859 5656 τίσυγκεκρᾶμμέναῖὲ.
2932 5558 3607 5652 ίτοίσᾶγέιὲέιρᾶἶι’έὶἐνωᾷἱ;.’
3658 5558 3708 5603 ’⁵⁸
3730 5568 3802 5621 ὁτὲ

582 5630 673 5716 δῖέ
730 5629 794 5716 ρ·
897 5631 1287 5716 ῗ;.ιωρὲογουν
1316 5637 1359 5716 (τ
1389 5639 1523 5716 βουξ.
1552 5637 1621 5716 λε.
1670 5638 1744 5716 .’¹
1773 5638 1987 5716 σίδηρος
2018 5640 2173 5716 n96;-
2212 5641 2430 5716 σεβηρφς
2459 5643 2521 5699 C-
2597 5644 2644 5677 ”
2674 5662 2751 5715 τῳ
2784 5646 3013 5716 κέντρῳ⁹
3051 5649 3222 5716 Supra
3270 5669 3320 5716 ρ.
3363 5650 3480 5710 172.
3516 5647 3567 5701 ιι
3596 5647 3802 5716 τῇ)αῆ

582 5651 673 5685 οτι
730 5651 794 5685 υ.
897 5651 937 5663 ··
959 5651 1169 5756 ἔωξιον
1194 5651 1287 5688 ουν
1316 5651 1357 5690 ιλ
1389 5651 1516 5706 ρουν
1552 5651 1621 5691 ιιι.
1696 5651 1744 5671 "
1773 5651 1987 5729 σίδηρος
2018 5651 2173 5711 προς.
2212 5651 2430 5713 σίδηρος
2459 5651 2521 5699 (λ.
2597 5651 2644 5677 ⁸³
2674 5651 2751 5715 τῷ
2784 5651 3013 5718 κέντρῳ.
3051 5651 3229 5716 Supra
3270 5669 3320 5721 p.
3363 5651 3480 5710 172,
3516 5651 3567 5701 ll
3596 5651 3657 5716 τῇ
3692 5653 3799 5708 κερ-

580 5699 859 5804 ἓίὲδέὶῗξὲέ
892 5702 981 5804 ‘9.
1000 5704 1411 5804 πηίξηήεξεξξίέξυ
1437 5706 1986 5804 ..Ϊξέἤῖὶίῑηωίξῗιίθυ
2005 5713 2561 5804 Είξῗίεῗὲβνὲἦνὲμὲξ
2584 5716 2972 5804 eramusma-
3014 5717 3112 5804 Mz.
3162 5718 3212 5804 2‘:
3242 5707 3799 5804 πγξεεέριμέναέηέῑ·

689 5768 883 5845 Αμπῃ.
923 5768 1252 5895 Ἀμη,0,’Μ.
1272 5768 1400 5830 ’ω’ιῆ
1436 5768 1809 5844 ίιετοιιυιίνι,
1837 5782 1926 5837 '20.
2005 5782 2047 5815 ⁸⁷
2073 5784 2130 5836 ὲν
2162 5783 2261 5853 μὲν
2285 5768 2480 5855 πρώτη
2506 5768 2658 5851 ἃλας.
2688 5785 2744 5839 ἓν
2777 5789 2875 5857 μὲν
2911 5768 3134 5858 ἃλας-Ε,
3164 5768 3299 5848 Μ.”
3318 5768 3616 5860 ’έῖἑεῖᾇῇάι
3643 5768 3797 5841 ϐία·

689 5844 843 5895 'odot.
881 5854 953 5895 Vl.
983 5842 1044 5895 11
1093 5882 1106 5895 .
1207 5846 1252 5879 ⁸⁸
1286 5848 1709 5895 σεσαωτινείσθαι
1735 5851 1773 5895 (ἶ

584 5840 860 5898 Herodoti
881 5854 954 5907 Vt,
983 5840 1106 5896 11⁷9.
1207 5846 1252 5879 ⁸⁸
1286 5848 1709 5919 σεσαφηνεῖσθαι
1735 5851 1773 5903 C
