4070 6518
279 432 421 503 3191

1406 427 1703 490 CONTRA
1735 426 2100 491 HERESES
2133 430 2277 491 LIB.
2317 431 2382 493 V.

3380 431 3521 498 3192

281 539 670 613 πραγματείαν
708 537 956 611 βούλεται
990 537 1208 611 μαθεῖν,
1264 537 1534 608 ἐντυχέτω
1578 536 1769 607 βιϐλίῳ
1802 534 1850 566 ⁹⁹

1971 540 2252 595 Ioctrinam
2286 539 2429 596 volet
2471 551 2822 610 cognoscere,
2853 538 3107 611 inspiciat
3163 541 3385 610 librum,
3428 548 3520 617 qui

281 632 711 706 ἐπιγραφομένῳ
752 631 908 703 Παρά
939 631 950 701 l
981 648 1182 703 φρασις
1219 628 1362 700 Σήθ·
1403 629 1583 684 πάντα
1638 627 1748 699 γὰρ
1785 627 1855 682 τὰ

280 725 572 797 ἀπόρρητα
599 723 779 778 αὐτῶν
800 725 918 776 ἐκεῖ
949 721 1171 793 εὑρήσει
1197 719 1512 791 ἐγκείμενα.
1558 719 1700 773 Ἀλλ’
1722 719 1847 772 ἐπεὶ

278 815 352 870 τά
376 816 521 871 κατά
553 802 997 884 τοὺςΣήθιανοὺς
1030 811 1347 883 ἐξεθέμεθα,
1379 811 1577 882 ἴδωμεν
1598 810 1716 863 τίνα
1736 810 1855 861 ἐστὶ

280 906 377 962 καὶ
409 907 479 961 τά
500 892 507 897 ’
525 907 626 960 ’1ου
635 908 796 977 στίνῳ
829 905 1111 960 δοκοῦντα.

348 1005 462 1069 κγ’.
500 1000 787 1061 Ἰουστῖνος
815 998 994 1069 πάντη
1016 995 1259 1059 ἐναντίος
1287 998 1353 1066 τῇ
1374 995 1484 1047 τῶν
1514 994 1682 1063 ἁγίων
1713 994 1855 1063 Γρα-

282 1091 401 1161 φῶν
434 1091 729 1161 γενόμενος
756 1089 965 1161 διδαχῇ,
994 1087 1216 1159 προσέτι
1240 1087 1297 1141 δέ
1326 1086 1424 1140 καὶ
1448 1090 1514 1159 τῇ
1542 1086 1652 1141 τῶν
1678 1104 1855 1156 μακα-

282 1182 414 1253 ρίων
452 1180 853 1250 εύαγγελιστῶν
893 1180 1155 1249 ἐγγράφῳ
1180 1179 1222 1210 ’ί
1252 1180 1427 1249 φωνῇ,
1458 1177 1533 1241 ώς
1574 1177 1855 1230 ἐδίδασκεν

278 1272 307 1326 ὀ
339 1272 671 1342 Λόγοςποὺς
720 1270 969 1342 μαθητάς
1000 1270 1172 1339 λέγων
1192 1288 1206 1301 ο
1237 1272 1340 1335 Εἰς
1390 1268 1535 1323 ὀδόν
1555 1267 1745 1323 ἐθνῶν
1764 1268 1852 1337 μὴ

280 1363 585 1431 ἀπέλθητε
610 1364 678 1428 ”,
709 1363 846 1433 ὅπερ
869 1362 1019 1431 δηλοῖ
1052 1361 1126 1431 μὴ
1144 1359 1432 1432 προσέχειν
1454 1361 1520 1430 τῇ
1540 1357 1648 1411 τῶν
1684 1357 1854 1411 ἐθνῶν

282 1456 493 1527 ματαίᾳ¹
543 1454 881 1524 διδασκαλίᾳ,
908 1445 1061 1515 οὗτος
1102 1451 1195 1504 ἐπὶ
1240 1449 1308 1504 τά
1345 1448 1513 1503 ἐθνῶν
1567 1449 1853 1520 τερατολο·

281 1546 527 1615 γούμενα
561 1545 657 1598 καὶ
688 1544 1052 1614 διδασκόμενα
1094 1543 1389 1610 ἀναγαγεῖν
1443 1542 1703 1613 πειρᾶται
1731 1542 1856 1604 τοὺς

281 1636 690 1706 ἀκροωμένους,
711 1634 985 1699 αὑτολεξεὶ
1007 1633 1076 1687 τά
1110 1633 1239 1704 παρ’
1262 1632 1485 1703 Ἕλλησι
1517 1631 1857 1707 μυθευόμενα

162 1726 168 1734 “
280 1725 662 1798 διηγούμενος,
708 1724 832 1779 οὔτε
862 1724 1129 1795 πρότερον
1159 1722 1375 1788 διδάξας
1426 1722 1550 1776 οὔτε
1580 1722 1858 1793 παραδοὺς

281 1817 340 1871 τὸ
374 1818 587 1871 τέλειον
621 1817 782 1871 αὑτοῦ
826 1818 1146 1888 μυστήριον,
1178 1817 1226 1869 εί
1274 1816 1350 1886 μὴ
1383 1815 1529 1886 ὅρκῳ
1586 1814 1724 1885 δήσῃ
1763 1813 1856 1867 τὸν

1958 629 2269 686 inscribitur
2324 631 2676 700 Paraphrasis
2717 631 2873 687 Seth.
2906 630 3099 688 Omnia
3147 635 3292 690 enim
3322 651 3522 693 arcana

1956 734 2141 775 eorum
2170 721 2243 776 ibi
2272 722 2509 776 inveniet
2551 722 2807 791 reposita.
2837 722 2941 799 Sed
2978 734 3261 795 postquam
3316 726 3525 783 Setina-

1956 825 2149 865 norum
2201 814 2415 866 decreta
2461 812 2859 877 cnarravimus,
2904 814 3185 871 videamus
3233 816 3397 873 etiam
3436 833 3522 883 ea,

1954 914 2076 968 quae
2099 899 2315 956 Justino
2342 901 2678 969 placuerunt.

2025 990 2384 1050 23.1ustinus
2422 994 2491 1050 ab
2516 994 2662 1048 omni
2702 1004 2851 1062 parte
2892 1009 3167 1052 sacrarum
3213 998 3525 1069 Scriptura-

1959 1096 2076 1135 rum
2134 1084 2413 1147 doctrinae,
2463 1093 2725 1153 praeterea
2778 1094 2957 1139 autem
3020 1090 3182 1143 etiam
3245 1092 3525 1147 beatorum

1955 1173 2403 1243 evangelistarum
2455 1176 2769 1232 adversatus
2824 1178 3024 1246 scripto
3063 1191 3336 1249 conceptae
3386 1185 3527 1250 voci,

1959 1274 2016 1319 ut
2051 1265 2281 1321 docebat
2333 1266 2507 1337 Logus
2541 1267 2833 1335 discipulos
2868 1270 3090 1327 dicens:
3123 1270 3193 1328 In
3234 1274 3373 1327 riam
3404 1290 3532 1343 gen-

1956 1358 2087 1411 tium
2125 1373 2188 1411 ne
2233 1358 2490 1423 abieritis,
2537 1360 2679 1428 quod
2720 1361 2936 1429 quidem
2985 1362 3280 1433 signiﬁcat,
3313 1380 3379 1419 ne
3407 1366 3531 1435 quis

1958 1461 2117 1509 aures
2151 1449 2385 1517 praebeat
2413 1450 2752 1506 ethnicorum
2783 1466 2933 1507 vana:
2957 1453 3324 1519 doctrinae,-—
3348 1456 3433 1511 hic
3460 1456 3531 1512 ad

1958 1539 2298 1594 ethnicorum
2345 1541 2664 1598 miraculosa
2702 1553 3007 1599 commenta
3029 1553 3086 1600 et
3125 1545 3322 1613 placita
3358 1556 3531 1604 retra-

1960 1629 2091 1683 here
2125 1629 2315 1683 nititur
2340 1629 2730 1699 auscultantes,
2762 1632 2893 1701 ipsis
2920 1634 3097 1691 verbis
3134 1636 3274 1705 apud
3310 1635 3533 1692 Graecos

1961 1718 2206 1775 fabulose
2236 1728 2456 1775 narrata
2498 1721 2832 1788 edisserens,
2898 1738 3073 1793 neque
3106 1726 3257 1793 prius
3306 1726 3529 1789 docens,

1962 1826 2133 1881 neque
2186 1813 2408 1868 tradens
2456 1812 2757 1882 perfectum
2826 1828 2983 1869 suum
3032 1818 3371 1886 mysterium,
3424 1820 3531 1871 nisi

282 1907 661 1979 πλανώμενον.
712 1908 943 1962 Ἔπειτα
982 1909 1107 1970 τοὺς
1154 1906 1354 1978 μύθους
1390 1905 1721 1977 παρατίθησι
1752 1906 1856 1974 ψυ-

1980 1903 2307 1970 urejurando
2348 1904 2669 1959 astrinxerit
2700 1905 3007 1959 seductum.
3057 1904 3262 1961 Deinde
3320 1907 3535 1962 fabulas

282 2001 566 2070 χαγωγίας
594 2000 778 2072 χάριν,
812 2001 961 2063 ὅπως
984 2000 1035 2052 oi
1068 1998 1495 2069 ἐντυγχάνοντες
1530 2000 1595 2069 τῇ
1641 1997 1750 2051 τῶν
1777 1996 1859 2066 βίι

284 2090 425 2145 ϐλων
454 2092 747 2163 ἀναρίθμῳ
778 2091 1019 2162 φλυαρίᾳ⁴
1070 2091 1418 2162 παραμύθιον
1460 2090 1621 2160 ἔχωσι
1651 2090 1720 2143 τά
1755 2108 1856 2160 μυ-

284 2182 556 2254 θευόμενα
598 2182 677 2250 (ὃν
706 2183 906 2253 τρόπον
944 2183 998 2235 εί
1046 2200 1126 2247 τις
1172 2183 1289 2235 ὁδὸν
1339 2184 1555 2255 μακράν
1606 2181 1858 2254 βαδίζων,

289 2275 625 2347 παρατυχὼν
657 2274 998 2345 καταλύματι
1026 2275 1071 2306 ’³
1103 2273 1479 2329 ἀναπαύεσθαι
1534 2274 1725 2341 δοκεῖ),
1767 2275 1861 2328 καὶ

284 2365 459 2430 οὕτως
491 2366 651 2420 πάλιν
686 2366 777 2419 ἐπὶ
822 2365 920 2436 τὴν
948 2366 1055 2421 τῶν
1086 2366 1529 2435 ἀναγνωσμάτων
1561 2366 1863 2437 τραπέντες

286 2458 663 2529 πολυμάθειαν
713 2458 788 2529 μὴ
826 2458 1149 2529 μισήσωσιν,
1199 2458 1303 2521 ἕως
1332 2456 1423 2510 ἐπὶ
1464 2457 1523 2510 τὸ
1551 2456 1644 2509 ὑπ’
1696 2454 1860 2509 αὑτοῦ

286 2550 682 2621 τεχναζόμενον
730 2549 987 2619 ἀνόμημα
1045 2548 1134 2602 διὰ
1196 2548 1455 2602 πλειόνων
1506 2547 1863 2618 ἐξηχηθέντες

288 2644 580 2713 ὁρμήσωσι
610 2642 980 2710 τετυφωμένοι
1014 2642 1081 2705 ⁸⁵,
1132 2639 1225 2703 οὓς
1258 2643 1502 2711 φρικτοῖς
1553 2642 1863 2711 καταδήσας

291 2733 564 2803 πρότερον
590 2732 769 2803 ὅρκοις
806 2732 941 2801 μήτε
970 2730 1206 2794 ἐξειπεῖν
1236 2732 1373 2801 μήτε
1412 2730 1711 2800 ἀποστῆναι
1738 2732 1868 2800 ὀμο-

291 2821 475 2893 λογεῖν
517 2824 857 2891 ἀναγκάσας,
888 2821 1030 2875 οὕτω
1070 2822 1408 2892 παραδίδωσι
1441 2824 1509 2876 τὰ
1557 2822 1646 2874 ὑπ’
1698 2820 1864 2874 αὑτοῦ

293 2914 644 2987 ἐφευρημένα
673 2912 810 2984 μετὰ
841 2912 1096 2975 ἀσεϐείας
1131 2912 1428 2983 μυστήρια,
1463 2912 1541 2981 πῆ
1579 2912 1697 2982 μὲν,
1726 2910 1869 2965 καθά

293 3006 667 3078 προείπομεν,
746 3003 936 3074 μύθοις
994 3003 1329 3073 Ἑλληνικοῖς
1377 3004 1744 3074 χρησάμενος,
1788 3002 1866 3073 πῆ

296 3093 373 3169 [ρ.
410 3094 719 3167 148-150]
760 3095 816 3148 δέ
870 3095 1413 3165 παραπεποιημένοις
1454 3094 1676 3165 βιϐλίοις
1726 3094 1869 3149 κατά

1960 2001 2181 2069 apponit
2210 2000 2538 2055 deliuimenti
2577 2001 2748 2069 gratia
2770 2038 2785 2065 ,
2816 2008 2894 2065 ut,
2935 2000 3027 2069 qui
3065 2002 3417 2069 cognoverint
3448 2002 3533 2055 in-

1963 2092 2169 2146 ﬁnitam
2210 2092 2471 2146 librorum
2503 2092 2849 2156 inanitatem,
2886 2092 3253 2147 solamentum
3304 2091 3538 2146 habeant

1962 2182 2171 2237 fabulas
2196 2182 2668 2253 (quemadmodum
2688 2182 2732 2235 si
2750 2182 2871 2251 quis
2896 2182 3040 2236 viam
3063 2182 3278 2251 longam
3305 2182 3535 2247 faciens,

1963 2288 2086 2328 cum
2132 2274 2319 2328 incidit
2370 2273 2425 2327 in
2472 2272 2868 2339 diversorium,
2921 2273 3262 2342 requiescere
3317 2274 3372 2328 in
3419 2277 3539 2328 ani-

1964 2380 2107 2417 mum
2145 2364 2390 2433 inducit),
2423 2373 2477 2418 et
2512 2364 2585 2417 ita
2638 2377 2829 2418 rursus
2877 2362 2929 2417 in
2967 2362 3258 2418 lectionum
3286 2365 3538 2419 conversi

1964 2456 2210 2511 diii‘usam
2236 2455 2601 2526 cognitionem
2635 2470 2704 2510 ne
2738 2464 3114 2523 aspernentur,
3140 2456 3311 2510 donec
3343 2456 3409 2510 ad
3440 2459 3539 2509 do-

1965 2547 2077 2603 lose
2114 2547 2402 2602 coniictum
2440 2547 2555 2615 ejus
2602 2546 3016 2601 deliramentum
3065 2560 3160 2614 per
3217 2546 3369 2615 plura
3399 2548 3537 2615 (am-

1966 2640 2149 2709 bages)
2191 2639 2462 2695 excantati
2498 2646 2657 2693 ruant
2692 2636 2911 2702 suillati,
2955 2653 3091 2704 quos
3126 2654 3251 2693 cum
3300 2639 3540 2694 horribi-

1966 2732 2108 2787 iibus
2138 2731 2288 2801 prius
2311 2730 2634 2799 iuramentis
2695 2730 2993 2785 obstrinxit
3042 2738 3099 2785 et
3140 2744 3315 2799 neque
3357 2729 3540 2799 eloqui

1968 2839 2143 2895 neque
2168 2824 2470 2879 desciscere
2522 2835 2644 2878 sese
2671 2822 2925 2878 addicere
2956 2824 3157 2893 coegit,
3178 2824 3258 2879 sic
3288 2824 3461 2883 tradit
3507 2838 3538 2877 a

1969 2930 2091 2971 sese
2140 2924 2350 2983 reperta
2391 2929 2486 2982 per
2530 2914 2863 2983 impietatem
2912 2927 3132 2980 arcana,
3170 2921 3303 2977 tum,
3332 2923 3387 2967 ut
3412 2929 3544 2983 pra-

1970 3008 2226 3070 diximus,
2267 3007 2626 3077 216-217
2656 3006 2851 3060 fabulis
2882 3021 3014 3060 usus
3037 3004 3391 3070 Graecanicis,
3428 3015 3542 3059 tum

1971 3096 2330 3168 supposititiis
2366 3097 2520 3151 libris
2567 3096 2747 3165 aliqua
2790 3109 2856 3151 ex
2909 3104 3062 3165 parte
3120 3094 3533 3150 similitudinem

293 3203 345 3241 τι
368 3186 823 3258 παρεμφαίνουσι
865 3189 985 3249 ταῖς
1017 3186 1443 3257 προειρημέναις
1476 3186 1772 3257 αίρέσεσιν.
1806 3186 1869 3240 0i

1975 3189 2334 3245 referentibus
2395 3188 2679 3242 haeresium
2738 3200 2901 3255 supra
2958 3186 3247 3269 dictarum.
3290 3186 3541 3243 Universi

297 3279 501 3342 πάντες
528 3279 640 3349 γὰρ
673 3279 753 3331 ἐνὶ
792 3276 1063 3347 πνεύματι
1097 3277 1493 3347 συνωθούμενοι
1521 3280 1599 3342 εἰς
1635 3278 1732 3331 ἕνα
1778 3276 1870 3348 βυ-

299 3371 387 3425 θὸν
422 3371 651 3442 ἀμάρας
701 3370 1037 3438 συνάγονται,
1086 3370 1233 3424 ἄλλοι
1276 3371 1450 3433 ἄλλως
1496 3369 1566 3423 τά
1608 3370 1748 3423 αύτά
1792 3370 1872 3424 δι-

299 3463 600 3534 ηγούμενοι
629 3463 724 3516 καί⁹
752 3461 1073 3532 μυθεύοντες
1092 3477 1107 3492 °
1150 3457 1293 3516 οὗτοι
1326 3463 1385 3516 δέ
1420 3462 1564 3525 ἰδίως
1597 3464 1644 3516 οἱ
1672 3462 1871 3526 πάντες

298 3554 636 3621 γνωστικοὺς
692 3554 918 3617 ἐαυτοὺς
947 3554 958 3623 1
989 3553 1346 3619 ἀποκαλοῦσι,
1401 3554 1500 3626 τὴν
1565 3554 1874 3625 θαυμασίαν

298 3644 506 3715 γνῶσιν
561 3644 657 3698 τοῦ
693 3643 898 3699 τελείου
941 3644 1038 3699 καὶ
1089 3644 1294 3715 ἀγαθοῦ
1335 3645 1485 3716 μόνοι
1543 3663 1877 3701 καταπεπω-

299 3736 457 3801 κόσες
480 3733 549 3791 ⁸³.

367 3828 473 3885 κδ’.
502 3831 711 3901 Ὀμνυε
741 3830 819 3896 δέ,
848 3831 1013 3901 φησιν
1036 3830 1345 3895 Ἰουστῖνος,
1373 3832 1421 3884 εἰ
1450 3830 1652 3899 γνῶναι
1681 3830 1876 3895 θέλεις,

301 3923 340 3979 d
362 3924 675 3995 ὀφθαλμὸς
709 3925 756 3958 ⁸⁸
799 3926 910 3979 οὐκ
939 3921 1081 3989 εἶδε,
1134 3923 1233 3979 καί
1283 3919 1393 3990 οὖς
1439 3925 1551 3978 οὐκ
1584 3923 1876 3992 ἤκουσεν,

305 4016 447 4072 οὐδὲ
499 4016 599 4069 ἐπὶ
644 4016 897 4084 καρδίαν
945 4016 1260 4085 ἀνθρώπου
1298 4014 1506 4084 ἀνέϐη,
1550 4016 1640 4070 τὸν
1696 4016 1879 4070 ἐπάνω

308 4109 530 4163 πάντων
569 4108 789 4177 ἀγαθὸν,
815 4109 884 4177 ⁸⁷,
920 4110 1009 4163 τὸν
1050 4108 1342 4179 ἀνώτερον,
1393 4108 1607 4179 ἀρῤητα
1650 4106 1879 4178 φυλάξαι

308 4198 375 4253 τὰ
400 4198 509 4269 τῆς
536 4198 882 4262 διδασκαλίας
917 4200 1195 4269 σιγώμενα
1217 4215 1232 4231 ·
1268 4200 1361 4253 καὶ
1384 4199 1492 4270 γάρ
1513 4199 1603 4252 καὶ
1632 4201 1660 4252 ὁ
1698 4198 1881 4269 πατὴρ

310 4290 491 4358 ἡμῶν,
519 4288 645 4341 ἰδὼν
672 4288 764 4340 τὸν
788 4288 990 4356 ἀγαθὸν
1023 4290 1115 4342 καὶ
1141 4288 1415 4352 τελεσθεὶς
1446 4291 1576 4359 παρ’
1612 4289 1781 4360 αὐτῷ,
1813 4288 1880 4342 τὰ

309 4380 408 4447 τῆς
442 4378 604 4448 σιγῆς
635 4378 849 4449 ἄρρητα
899 4378 1151 4447 ἐφύλαξε,
1210 4379 1307 4432 καὶ
1337 4378 1521 4449 ώμοσε
1574 4378 1754 4442 καθὼς
1787 4379 1881 4448 γέ-

312 4482 590 4539 γραπται·
626 4469 849 4535 Ὠμοσε
890 4469 1104 4536 Κύριος
1149 4468 1247 4521 καὶ
1285 4470 1357 4522 οὐ
1396 4468 1883 4538 μεταμεληθήσεο

1972 3281 2114 3335 enim
2148 3295 2255 3334 uno
2275 3279 2466 3350 spiritu
2506 3278 2752 3333 concussi
2781 3278 2835 3332 in
2867 3293 3033 3332 unum
3061 3262 3281 3332 fundum
3315 3279 3545 3333 sentina:

1973 3374 2370 3437 conducuntur,
2394 3369 2484 3425 alii
2511 3370 2670 3425 aliter
2700 3368 2887 3425 eadem
2921 3370 3285 3425 edisserentes
3312 3380 3369 3425 et
3391 3369 3546 3426 fabu-

1974 3461 2168 3517 lantes.
2208 3460 2273 3515 Hi
2300 3470 2480 3515 autem
2503 3458 2853 3530 peculiariter
2882 3473 3074 3515 omnes
3106 3457 3397 3516 Gnosticos
3425 3475 3546 3514 sese

1976 3553 2267 3625 appellant,
2313 3552 2513 3622 quippe
2553 3551 2647 3621 qui
2682 3549 2967 3605 mirificam
3008 3551 3373 3621 cognitionem
3423 3564 3547 3620 per-

1976 3644 2100 3700 fecti
2132 3642 2346 3701 et'boni
2366 3642 2469 3698 soli
2499 3638 2883 3696 combiberint.

2046 3826 2138 3880 ει.
2169 3825 2299 3879 Jura
2324 3833 2527 3887 autem,
2552 3824 2629 3876 ait
2651 3817 2921 3885 Justinus,
2961 3819 3003 3875 si
3033 3819 3351 3889 cegnnvisse
3382 3818 3547 3880 voles.

1977 3934 2093 3986 qua:
2142 3916 2322 3969 oculus
2359 3930 2462 3968 non
2500 3913 2647 3978 vidit,
2684 3927 2775 3966 nec
2804 3909 2949 3964 auris
2980 3911 3201 3975 audivit,
3239 3925 3330 3963 nec
3363 3910 3417 3962 in
3461 3925 3552 3961 cor

1979 4009 2201 4062 hominis
2220 4006 2588 4069 ascenderunt,
2610 4019 2730 4059 eum
2749 4002 2837 4073 qui
2857 4010 3113 4071 estsuper
3128 4001 3306 4055 omnia
3324 4002 3545 4065 bonum,

1982 4098 2340 4166 superiorem,
2381 4105 2431 4149 te
2460 4094 2659 4148 indicta
2693 4092 3091 4148 custoditurum
3127 4090 3423 4159 disciplina:
3472 4089 3551 4143 si-

1983 4189 2158 4245 lenda.
2192 4187 2403 4242 Etenim
2453 4197 2507 4238 et
2545 4195 2700 4254 pater
2734 4191 2954 4247 noster,
3000 4182 3087 4236 ubi
3121 4181 3403 4247 conspexit
3452 4180 3580 4255 Bo-D

1986 4296 2111 4331 num
2148 4277 2393 4331 initiatus
2423 4274 2560 4343 apud
2596 4289 2737 4336 eum,
2772 4272 2976 4327 silenda
3008 4272 3298 4326 custodivit
3347 4272 3547 4325 indicta

1983 4379 2038 4425 et
2061 4369 2286 4439 juravit,
2306 4364 2463 4421 sicuti
2490 4365 2748 4433 scriptum
2777 4373 2860 4418 est
2884 4379 2897 4416 :
2929 4360 3138 4416 Juravit
3164 4360 3441 4427 Dominus,
3464 4378 3555 4414 nec

1985 4460 2247 4529 paenitebit
2272 4475 2410 4512 eum.
2442 4454 2569 4511 Haec
2595 4455 2755 4525 igitur
2778 4455 2830 4509 in
2863 4454 3006 4509 hunc
3025 4454 3239 4507 modum
3269 4461 3552 4523 postquam

315 4574 407 4611 ται
416 4558 486 4612 ’⁸.
512 4556 695 4612 Ταῦτα
712 4558 889 4611 τοίνυν
906 4556 1048 4611 οὕτω
1070 4559 1660 4629 κατασφραγισάμενος
1677 4559 1869 4613 πλείοσι

1988 4551 2313 4623 obsignavit,
2342 4549 2583 4619 pluribus
2607 4546 2800 4601 fabulis
2829 4545 3014 4600 delinit
3036 4534 3132 4615 per
3155 4543 3337 4615 plures
3369 4543 3556 4608 libros,

320 4649 512 4720 μύθοις
534 4650 855 4721 ψυχαγωγεῖ
884 4650 972 4703 διὰ
1007 4650 1268 4703 πλειόνων
1313 4650 1552 4720 βιϐλίων,
1585 4651 1680 4705 καὶ
1717 4651 1889 4715 οὕτως

1992 4656 2047 4703 et
2076 4647 2147 4701 ita
2179 4646 2244 4698 ad
2281 4642 2487 4697 Bonum
2518 4640 2663 4695 ducit
2710 4638 2928 4693 initians
2963 4646 3164 4707 mystas
3200 4632 3559 4689 ineﬂ‘abilibus

319 4742 413 4796 ἐπὶ
463 4744 557 4795 τὸν
614 4742 817 4810 ἀγαθὸν
859 4743 904 4775 ’³
946 4743 1088 4810 ἄγει,
1138 4742 1353 4795 τελειῶν
1400 4744 1527 4806 τοὺς
1564 4743 1774 4813 μύστας
1826 4748 1869 4797 τι

1998 4734 2291 4808 mysteriis.
2330 4731 2435 4787 Sed
2478 4745 2545 4785 ne
2578 4743 2672 4798 per
2694 4728 2843 4798 plura
2872 4741 3178 4796 pergamus,
3208 4739 3275 4780 ex
3310 4740 3417 4778 uno
3446 4723 3564 4790 ejus

321 4832 492 4886 ἀλαλα
521 4834 538 4865 ⁸
583 4834 878 4903 μυστήρια.
911 4832 1029 4885 ’Ίνα
1059 4832 1117 4885 δέ
1144 4834 1165 4863 ⁸
1214 4832 1288 4903 μὴ
1322 4832 1409 4885 διὰ
1440 4832 1704 4886 πλειόνων
1742 4834 1893 4887 όδεύ-

321 4939 529 4993 σωμεν,
556 4925 619 4977 ἐκ
651 4925 779 4994 μιᾶς
802 4922 966 4977 αὐτοῦ
992 4922 1177 4993 βίϐλου
1200 4922 1269 4976 τά
1290 4922 1504 4996 ἀρῤητα
1527 4923 1893 4992 ἐπιδείξομεν,

1998 4830 2138 4884 libro
2173 4824 2460 4883 inelfabilia
2492 4822 2860 4885 ostendemus,
2893 4820 2983 4889 qui
3012 4829 3116 4883 est,
3146 4828 3203 4871 ut
3232 4817 3347 4887 ipse
3376 4818 3562 4886 Opina-

1999 4929 2111 4985 tur,
2144 4918 2389 4972 illustris.
2420 4914 2521 4969 Hic
2550 4922 2727 4966 autem
2763 4909 3077 4965 inscribitur
3107 4908 3337 4975 Baruch,
3366 4908 3419 4961 in
3459 4922 3567 4977 quo

320 5015 489 5089 οὔσης
519 5016 701 5078 καθὼς
732 5016 940 5085 νομίζει
981 5015 1213 5078 ἐνδόξου.
1246 5015 1395 5087 Αὕτη
1426 5016 1483 5069 δέ
1517 5016 1864 5087 ἐπιγράφετα

2002 5027 2163 5067 unam
2200 5012 2266 5066 de
2294 5010 2476 5064 multis
2515 5006 2813 5061 fabulosam
2864 5002 3225 5057 narrationem
3266 5000 3566 5071 expositam

325 5106 541 5178 Βαρούχ
568 5122 583 5136 ·
606 5099 722 5179 ἐνῇ
753 5106 881 5175 μίαν
920 5104 1030 5158 τῶν
1072 5104 1282 5159 πολλῶν
1318 5104 1644 5175 μυθολογίαν
1676 5106 1888 5160 ἐκτιθε-
1932 5138 1941 5147 ς

329 5197 500 5267 μένην
532 5197 623 5250 ὑπ’
654 5196 817 5251 αὐτοῦ
845 5195 1179 5267 δηλώσομεν,
1205 5195 1372 5250 οὖσαν
1415 5198 1564 5267 παρά
1600 5198 1887 5269 Ἡροδότῳ,

330 5288 397 5357 ἢν
413 5288 487 5351 ώς
514 5288 700 5359 κοινὴν
730 5287 751 5320 ³
778 5290 885 5351 τοῖς
909 5290 1205 5360 ἀκροαταῖς
1224 5288 1585 5358 παραπλάσας
1600 5288 1889 5359 διηγεῖται,

1997 5106 2065 5161 ab
2090 5119 2156 5161 eo
2179 5101 2598 5165 declarahimus,
2626 5111 2744 5168 quae
2771 5103 2851 5150 est
2868 5094 3005 5162 apud
3030 5092 3378 5154 Herodotum,
3403 5095 3584 5159 quam'

2002 5208 2259 5267 tanquam
2286 5201 2481 5248 novam
2510 5190 2843 5245 auditoribus
2875 5187 3092 5242 aliunde
3115 5187 3377 5240 detortam
3406 5196 3564 5236 enar—

2001 5296 2192 5354 rat,:ex
2228 5288 2343 5353 ipsa
2374 5297 2588 5339 omnem
2616 5281 2801 5336 orbem
2828 5278 3087 5334 doctrina:
3112 5290 3221 5331 suae
3250 5274 3371 5329 duci
3402 5281 3568 5326 ratus.

333 5378 391 5441 ἐξ
415 5379 586 5448 αὐτῆς
620 5381 801 5433 πᾶσαν
842 5380 1097 5434 σύστασιν
1140 5379 1233 5433 τοῦ
1269 5380 1389 5435 κατ’
1428 5380 1588 5435 αὑτὸν
1634 5380 2006 5437 διδασκαλείου
2041 5384 2062 5415 ⁸
2099 5378 2440 5451 ποιούμενος.

1568 5540 1795 5596 VARIA']
1832 5540 2242 5599 LECTIUNES.

399 5656 449 5693 κ
474 5656 640 5728 βίϐλῳ
676 5656 737 5728 c.

339 5797 430 5851 καὶ
459 5795 553 5851 ἐπὶ
583 5795 655 5851 κα
696 5795 741 5850 Ἰ
859 5796 955 5851 ἀνθ
996 5796 1145 5850 ώπου
1176 5797 1275 5851 οὐκ
1325 5797 1512 5866 ἀνέϐη.

361 5865 561 5920 ἀλαλα.
597 5810 825 5920 ἀλςέισέ.
847 5866 895 5920 τ’
924 5815 1059 5920 ἄλλα
1087 5884 1235 5920 ειμι).
1268 5866 1335 5920 Μ.
1412 5870 1431 5899 ¹
1466 5869 1512 5920 δὲ

361 5865 561 5923 ἀλαλα.
597 5865 733 5922 ἀλλα
762 5865 825 5936 (ἶ,
847 5866 895 5920 τ’

837 5656 882 5690 ⁹¹
913 5655 1319 5725 εὐαγγελιστῶν
1350 5657 1632 5729 ἐγγράφῳ.
1663 5659 1997 5727 εὐαγγελίων
2024 5678 2059 5728 γ
2099 5661 2207 5729 αφῇ
2238 5658 2270 5728 ἦ
2308 5656 2369 5720 C,
2398 5655 2470 5709 Μ.
2549 5653 2594 5685 ⁹¹
2625 5651 2811 5705 Matth.
2844 5666 2896 5716 Χ,
2920 5650 2973 5704 5.
3050 5649 3096 5681 ’³
3119 5648 3325 5703 κατάλυ
3375 5649 3482 5703 ἀτι
3507 5646 3572 5703 C.

837 5726 870 5782 Ξ.
947 5727 994 5758 ⁸⁸
1022 5728 1515 5791 καταπεπτωκότες
1541 5730 1601 5783 0.
1679 5731 1724 5761 ⁹⁶
1756 5729 1775 5783 l
1801 5729 1927 5785 Cor.
1958 5747 2019 5791 ιι,
2053 5678 2097 5785 1i}
2113 5747 2127 5782 :
2159 5731 2225 5780 "A
2256 5725 2531 5791 ὀφθαλμὸς
2572 5724 2673 5775 οὐκ
2716 5716 2885 5782 εἶδεν,
2920 5722 3016 5791 κα).
3042 5715 3133 5784 οὖς
3172 5720 3285 5791 οὐκ
3321 5667 3572 5791 ipsosne}.

400 5678 449 5693 ’ν
474 5678 640 5728 pwqu
676 5678 737 5710 υ.
838 5678 882 5690 ’-
913 5678 1319 5725 ευαγγεΑισ-των
1350 5678 1632 5729 εγγραφῳ.
1663 5678 1997 5727 ευαγγεΑιων
2024 5678 2059 5728 γ
2099 5678 2179 5727 αφ

336 5728 382 5761 ’⁵
406 5726 779 5797 τετυπωμένοι
809 5724 870 5782 C.
947 5727 994 5758 "
1022 5728 1515 5791 καταπεπτωκότες
1541 5730 1601 5783 0.
1679 5731 1724 5761 ⁹⁶
1756 5729 1775 5783 Ι
1801 5729 1927 5785 Cor.
1958 5747 2019 5796 ιι,
2053 5678 2127 5785 ἷξε
2159 5732 2179 5749 ⁶¹

339 5797 430 5851 καὶ
459 5795 553 5851 ἐπὶ
583 5795 811 5854 καρδίαν
859 5796 1145 5854 ἀνθρώπου
1176 5797 1275 5851 οὐκ
1325 5797 1512 5854 ἀνέϐη.
1588 5800 1633 5831 ⁹τ
1672 5800 1893 5854 ἀγαθῶν
1915 5799 1978 5854 C.
2019 5801 2087 5853 Μ.
2164 5800 2179 5827 ¹

992 5817 1145 5850 ιωπου
1176 5817 1275 5851 ουκ
1325 5817 1512 5866 ανεοη.
1589 5817 1626 5831 ’⁸
1672 5817 1893 5866 αγαυων
1915 5817 1978 5865 ιλ,
2019 5817 2087 5853 Μ.
2166 5817 2208 5830 ’¹³
2241 5817 2379 5851 rsal.
2408 5817 2519 5859 (ili,
2549 5817 2602 5847 ιι.
2678 5817 2719 5825 "
2755 5817 2846 5843 'wv
2870 5817 3050 5857 αγαυυ·

992 5867 1059 5919 λα
1087 5884 1235 5937 ειμι).
1268 5866 1335 5921 Μ.
1412 5870 1431 5899 ¹
1466 5869 1542 5923 δέ.
1572 5870 1665 5922 καὶ
1700 5870 1761 5925 C.
1839 5872 1858 5903 ³
1887 5871 2103 5935 καινήν.
2140 5867 2295 5934 ξένην
2323 5865 2388 5931 C,
2420 5865 2488 5919 Μ.
2566 5865 2588 5895 ⁸
2617 5860 2960 5916 διδασκαλίου
2986 5860 3050 5916 C.

2113 5715 2225 5782 ;’⁶“Ἀ
2256 5715 2531 5795 ὀφθαλμὸς
2563 5724 2673 5795 ίούκ
2705 5716 2891 5795 εἶδεν,
2920 5722 3016 5795 κα).
3042 5715 3133 5784 οὖς
3171 5720 3288 5795 οὐκΔ
3321 5715 3577 5795 ἠκουσεχ.

2164 5800 2208 5830 ⁹⁸
2240 5786 2379 5851 Psal.
2408 5786 2522 5859 οἰκ,
2549 5794 2602 5847 ι.
2677 5792 2722 5825 ⁹⁹
2755 5790 2846 5843 τὸν
2870 5789 3090 5857 ἀγαθον.
3127 5790 3236 5847 τῶν
3265 5786 3485 5860 ἀγαθῶν
3512 5786 3576 5841 C.
