4070 6522
302 477 450 543 3195

1435 493 1729 557 CONTRA
1768 495 2138 559 HERESES
2179 501 2325 561 LIB.
2365 504 2427 563 V.

3421 501 3558 563 31%

315 586 574 659 ’Δχαμῶθ
618 590 689 657 ¹¹,
745 589 921 658 Νάας,
991 596 1124 668 Βὴλ,
1184 600 1398 671 Βελίας,
1454 606 1654 669 Σατὰν,
1713 606 1873 678 Σαὴλ,

1985 609 2277 681 Δάοιιιευε,
2304 611 2623 683 Leviathan,
2655 616 2886 683 Pharao,
2912 617 3296 679 Carcamenos,
3325 610 3557 668 Lathen.

316 680 625 745 ’Δδωναῐος,
657 682 903 740 Καυῖθιν
924 687 991 754 ⁸⁸,
1024 689 1224 758 Φαραὼ
1246 693 1312 755 ’³,
1345 695 1746 766 Καρκαμενὼς,
1770 698 1879 752 Δά-

306 766 420 824 θεν.
457 769 677 825 Τούτων
728 772 841 829 τῶν
895 780 1359 853 εἰκοσιτεσσάρων
1409 786 1657 855 ἀγγέλων
1696 789 1744 842 οί
1780 789 1880 859 μὲν

306 864 571 931 πατρικοὶ
599 863 678 935 τῷ
704 868 877 940 πατρὶ
904 872 1251 944 συναίρονται
1269 876 1316 909 ’⁸
1344 878 1439 933 καὶ
1456 878 1635 933 πάντα
1666 878 1881 935 ποιοῦσι

303 953 448 1006 κατὰ
472 954 535 1007 τὸ
559 955 769 1029 θέλημα
799 958 881 1032 [p.
912 962 1035 1018 151.
1062 965 1189 1039 152]
1216 968 1414 1023 αὐτοῦ’
1445 972 1494 1026 oi
1525 971 1581 1027 δὲ
1619 975 1882 1046 μητρικοὶ

301 1048 367 1115 τῇ
397 1047 573 1118 μητρὶ
618 1048 815 1122 Ἐδέμ·
851 1052 1057 1111 τούτων
1096 1058 1153 1111 δὲ
1175 1060 1283 1113 τῶν
1311 1062 1560 1131 ἀγγέλων
1576 1064 1711 1136 ὁμοῦ
1743 1067 1881 1121 πάνρ

301 1137 412 1187 τῶν
441 1136 502 1189 τὸ
549 1138 755 1209 πλῆθος
776 1142 809 1195 δ
836 1146 1188 1215 παράδεισος,
1235 1152 1420 1222 φησὶν,
1478 1153 1617 1218 ἐστὶ,
1651 1156 1780 1226 περὶ
1818 1147 1881 1209 οὗ

304 1227 452 1296 λέγει
488 1230 723 1303 Μωσῆςο
771 1236 1139 1306 Ἐφύτευσεν
1176 1244 1210 1297 ό
1242 1244 1388 1311 Θεὸς
1430 1246 1477 1277 ’⁵
1509 1245 1883 1316 παράδεισον

299 1320 371 1373 ἐν
408 1321 591 1393 Ἒδὲμ
612 1326 765 1381 κατὰ
790 1327 1116 1399 ἀνατολὰς,
1146 1334 1394 1389 τουτέστι
1418 1336 1562 1391 κατὰ
1588 1339 1881 1410 πρόσωπον

298 1412 399 1481 τῆς
443 1413 633 1487 Ἐδὲμ,
666 1418 754 1473 ἴνα
782 1420 953 1495 βλέπῃ
972 1422 1063 1477 τὸν
1092 1426 1474 1500 παράδεισονὴ
1511 1429 1697 1502 uasta,
1722 1448 1878 1485 τουτ-

299 1502 416 1557 έστι
464 1506 595 1571 τοὺς
629 1509 918 1580 ἀγγέλους,
947 1514 1040 1568 διὰ
1068 1518 1292 1582 παντός.
1327 1520 1533 1575 Τούτου
1562 1520 1656 1575 τοῦ
1701 1540 1881 1596 παρα-

297 1596 482 1650 δείσου
510 1598 895 1671 ἀλληγορικῶς
930 1607 983 1657 oi
1013 1606 1240 1677 ἄγγελοι
1273 1611 1569 1681 κέκληνται
1601 1613 1756 1680 ξύλα,
1785 1616 1881 1670 καὶ

298 1686 412 1740 ἐστι
442 1688 508 1742 τὸ
536 1690 691 1755 ξύλον
720 1693 819 1765 τῆς
865 1695 1011 1766 ζωῆς
1036 1700 1064 1752 ὁ
1099 1699 1284 1771 τρίτος
1312 1702 1421 1755 τῶν
1447 1706 1731 1775 πατρικῶν
1777 1709 1877 1778 ἀγ-

297 1779 475 1846 γέλων
505 1782 580 1834 Ba
592 1785 744 1856 ροὺχ.
773 1786 833 1840 τὸ
861 1787 921 1840 δὲ
943 1788 1099 1854 ξύλον
1126 1792 1222 1846 τοῦ
1253 1794 1453 1849 εἰδέναι
1484 1799 1686 1866 γνῶσιν
1710 1800 1877 1855 καλοῦ

296 1871 390 1922 καὶ
418 1874 662 1946 πονηροῦ
686 1877 714 1928 δ
730 1878 913 1948 τρίτος
936 1881 1048 1936 τῶν
1070 1886 1354 1956 μητρικῶν
1376 1889 1689 1957 ἀγγέλων,δ
1704 1893 1875 1959 Νάας.

1986 697 2192 757 Horum
2229 703 2419 774 viginti
2448 715 2682 775 quatuor
2730 706 3041 777 angelorum
3090 702 3300 775 paterni
3351 709 3559 772 patrem

1984 792 2315 849 comitantur
2333 796 2687 868 220-221
2704 809 2759 855 et
2772 798 2948 854 omnia
2965 796 3250 869 perﬁciunt
3271 808 3336 849 ex
3365 792 3557 849 volun-

1986 892 2096 941 tate
2140 886 2257 957 ejus
2284 927 2301 955 ,
2359 891 2594 946 materni
2645 901 2825 946 autem
2870 902 3097 947 matrem
3132 889 3321 947 Edem.
3350 885 3556 941 Horum

1984 985 2164 1032 autem
2189 979 2505 1051 angelorum
2530 983 2689 1038 simul
2712 983 2953 1039 omnium
2970 981 3255 1039 multitudo
3274 977 3558 1050 paradisus

1981 1077 2085 1135 cet,
2124 1068 2336 1140 inquit,
2365 1073 2433 1129 de
2464 1089 2573 1145 quo
2604 1075 2678 1129 ait
2714 1075 2929 1133 Moses:
2976 1074 3247 1131 Plantam
3288 1073 3425 1129 Deus
3468 1088 3558 1138 po-

1980 1161 2221 1216 rodiutm
2256 1162 2314 1217 in
2343 1162 2514 1220 Edent
2557 1169 2807 1223 orientem
2843 1185 3019 1224 verqu
3044 1208 3061 1234 ,
3096 1166 3199 1223 hoc
3241 1174 3327 1221 est
3366 1177 3556 1218 versus

1982 1248 2178 1305 faciem
2210 1251 2378 1307 Edem
2399 1295 2416 1323 ,
2449 1266 2507 1312 ut
2535 1268 2741 1328 spectet
2772 1260 3076 1328 paradisum
3109 1258 3271 1313 Edem
3300 1296 3317 1319 ,
3347 1256 3448 1311 hoc
3471 1264 3556 1310 est

1979 1341 2239 1410 δηϐειοιν
2299 1344 2353 1399 in
2402 1357 2748 1418 perpetuum.
2797 1348 2968 1417 Huius
3002 1347 3238 1419 paradisi
3266 1346 3557 1417 allegorice

1976 1434 2157 1505 angeli
2190 1445 2456 1493 vocantur
2486 1438 2628 1511 ligna
2662 1480 2680 1507 ,
2740 1451 2795 1497 et
2852 1453 2936 1497 est
2960 1441 3165 1512 lignum
3195 1440 3320 1496 vita:
3362 1438 3563 1494 tertius

1978 1536 2327 1597 paternorum
2355 1530 2691 1601 angelorum,
2717 1533 2959 1599 Baruch;
2993 1533 3196 1600 lignum
3235 1540 3416 1589 autem
3456 1527 3555 1585 ha-

1978 1617 2138 1674 bendi
2183 1620 2548 1691 cognitionem
2574 1622 2701 1679 boni
2727 1634 2781 1678 et
2805 1625 2928 1678 mali
2962 1624 3154 1679 tertius
3183 1630 3565 1677 maternorum

1977 1712 2292 1784 angelorum
2316 1756 2332 1781 ,
2374 1713 2560 1786 NaasJ
2594 1716 2672 1772 lta
2710 1718 2855 1771 enim
2892 1717 2970 1772 ait
2994 1716 3157 1773 Musis
3186 1714 3351 1771 verba
3385 1714 3559 1768 inter-

1978 1806 2238 1873 pretanda
2285 1821 2408 1864 esse
2456 1807 2684 1881 dicens:
2730 1806 3222 1878 Circumloquendo
3263 1820 3327 1861 ea
3355 1802 3561 1861 extulit

1979 1891 2155 1949 Moses
2173 1937 2188 1961 ,
2220 1894 2420 1965 quippe
2451 1911 2576 1951 cum
2605 1910 2720 1953 non
2749 1911 2943 1952 omnes
2969 1902 3328 1966 assequamur
3358 1892 3567 1948 verita»

295 1962 489 2027 Οὕτως
521 1966 568 1997 ⁸⁸
594 1968 705 2039 γὰρ
733 1968 884 2039 λέγει
916 1973 1027 2027 δεῖν
1064 1977 1109 2008 ³⁷
1134 1978 1203 2032 τὰ
1251 1979 1494 2047 Μωσέως
1527 1983 1871 2057 ἑρμηνεύειν,

1978 1993 2105 2040 tem.
2140 1962 2513 2043 Facto'a'ntem
2539 2028 2554 2051 ,
2598 1987 2813 2057 inquit,
2845 1962 3194 2056 paradisoiex
3229 1983 3553 2054 complacita

294 2052 510 2122 λέγων·
562 2062 1050 2134 περιεσταλμένως
1084 2068 1131 2100 ’⁸
1161 2068 1302 2125 αύτὰ
1355 2069 1511 2127 εἶπεν
1633 2052 1875 2149 Μωῦσῆς

292 2144 381 2199 διὰ
409 2147 478 2200 τὸ
621 2152 829 2217 πάντας
872 2160 1072 2230 χωρεῖν
1114 2161 1217 2233 τὴν
1259 2164 1539 2237 ἀλήθειαν.
1575 2144 1873 2242 Γενομένου

294 2236 370 2294 δὲ.
399 2241 564 2308 φησὶ,
610 2242 707 2296 τοῦ
757 2248 1085 2318 παραδείσου
1128 2252 1186 2319 ὲξ
1231 2236 1646 2329 εὐαρεστήσεως
1688 2236 1875 2334 ιιοινῆς

307 2328 548 2403 Ἑλωεὶμ
574 2335 671 2387 καὶ
705 2336 886 2410 Ἐδὲμ,
906 2343 953 2394 οί
976 2342 1072 2396 τοῦ
1103 2345 1339 2418 Ἐλωεὶμ
1360 2328 1582 2419 ἄγγελοι
1610 2328 1871 2420 λαϐόντες

292 2420 400 2474 ἀπὸ
431 2421 538 2492 τῆς
581 2425 873 2497 καλλίστης
908 2431 1031 2502 γῆς,
1062 2438 1345 2493 τουτέστιν
1390 2442 1492 2495 ούκ
1521 2444 1628 2497 ἀπὸ
1656 2445 1750 2499 τοῦ
1781 2446 1875 2519 θη-

296 2512 526 2609 ριώδῗυς
560 2518 760 2589 μέρους
812 2524 912 2593 τῆς
951 2525 1135 2597 Ἐδὲμ,
1177 2528 1314 2585 ἀλλά
1359 2532 1468 2587 ἀπὸ
1510 2534 1619 2589 τῶν
1659 2537 1796 2609 ὑπὲρ
1828 2512 1873 2572 δ’

294 2602 547 2672 βουϐῶνα
605 2610 1025 2682 ἀνθρωποειδιῖη
1070 2619 1168 2673 καὶ
1212 2622 1438 2694 ἡμέρων
1483 2628 1701 2699 χωρίων
1734 2602 1875 2701 Ιτῆς

292 2696 395 2767 γῆς
445 2699 667 2757 ποιοῦσι
714 2704 805 2759 τὸν
852 2707 1161 2781 ἄνθρωπον.
1206 2714 1301 2768 Ἐκ
1329 2715 1386 2769 δὲ
1570 2696 1873 2792 ⁷θηριωδων

297 2791 506 2858 μερῶν,
546 2796 701 2865 φησὶ,
735 2797 979 2866 γίνονται
1005 2803 1075 2857 τὰ
1101 2804 1266 2877 θηρία
1298 2808 1394 2862 καὶ
1433 2810 1501 2864 τὰ
1528 2791 1691 2866 λοιπὰ
1734 2813 1868 2879 ζῶα.

180 2940 189 2953 γ
294 2880 398 2935 Τδν
426 2882 720 2956 ἄνθρωπον
738 2886 831 2945 οὖν
858 2893 1121 2958 ἐποίησαν
1146 2898 1192 2930 ³⁸
1218 2898 1484 2971 σύμϐολον
1504 2904 1605 2974 τῆς
1626 2905 1874 2977 ένότητος

292 2973 475 3029 αὐτῶν
510 2976 605 3030 καὶ
652 2980 883 3047 εὐνοίας,
945 2986 1040 3039 καὶ
1088 2990 1470 3046 κατατίθενται
1514 2993 1613 3058 τὰς
1664 2996 1874 3050 ἑαυτῶν

294 3062 560 3136 δυνάμεις
589 3068 670 3133 είς
691 3072 853 3126 αὐτὸν
880 3074 950 3141 ³¹,
972 3076 1135 3149 Ἐδὲμ
1163 3079 1262 3150 μὲν
1283 3082 1382 3153 τὴν
1401 3082 1601 3155 ψυχὴν,
1643 3086 1880 3158 Ἐλωεὶμ

295 3154 352 3208 δὲ
378 3157 441 3211 τὸ
476 3160 721 3233 πνεῦμα.
755 3165 864 3220 και
896 3166 1109 3236 γίνεται
1134 3172 1301 3226 οίονεὶ
1338 3154 1575 3247 σφραγίς
1616 3194 1699 3244 τις
1731 3154 1871 3251 αὕτη

1975 2077 2479 2135 ennmuniElohim
2513 2079 2774 2149 etEdem,
2812 2080 3020 2135 Eiobim
3046 2078 3243 2150 angeli,
3276 2085 3563 2133 sumentes

1976 2184 2005 2224 a
2037 2168 2404 2240 pulcherrima
2441 2181 2586 2226 terra
2611 2208 2630 2238 ,
2659 2170 2762 2227 hoc
2810 2185 2896 2227 est
2928 2187 3035 2227 non
3070 2187 3102 2226 a
3144 2168 3355 2225 bestiali
3402 2176 3555 2238 parte

1974 2261 2166 2328 Etlem,
2195 2264 2289 2319 sed
2318 2279 2383 2318 ex
2414 2265 2660 2335 partibus
2688 2278 2853 2333 supra
2881 2265 3098 2334 inguina
3126 2262 3329 2320 homini
3358 2260 3561 2317 simili-

1975 2356 2077 2412 bus
2105 2364 2161 2411 et
2190 2355 2466 2412 cicuribus
2494 2365 2651 2413 terra:
2678 2357 2884 2413 faciunt
2913 2355 3211 2412 hominem.
3244 2355 3319 2409 Es
3351 2352 3555 2412 bestia-

1974 2446 2116 2503 libus
2154 2457 2334 2503 autem
2373 2450 2657 2517 partibus,
2693 2451 2903 2519 inquit,
2951 2450 3245 2518 gignuntur
3268 2445 3462 2502 bestia
3495 2454 3555 2499 et

1977 2539 2181 2611 reliqua
2207 2540 2778 2598 animalia.llominem
2800 2543 2963 2613 igitur
2980 2542 3225 2597 fecerunt
3241 2536 3559 2607 exemplum.

1976 2633 2195 2689 unitatis
2242 2649 2355 2691 suae
2380 2643 2435 2690 et
2467 2634 2752 2690 charitatis
2782 2644 2836 2690 et
2859 2635 3133 2704 deponunt
3164 2646 3292 2687 suas
3320 2639 3551 2717 uterque

1976 2732 2274 2791 potestates
2311 2726 2364 2779 in
2393 2740 2479 2791 eo,
2529 2736 2583 2781 et
2612 2726 2778 2780 Edent
2812 2726 3029 2795 quidem
3048 2725 3310 2786 animum,
3336 2720 3553 2775 Elohim

1975 2827 2155 2871 autem
2196 2816 2469 2886 spiritum.
2506 2815 2573 2872 Et
2603 2817 2815 2872 exsistit
2857 2817 2963 2872 hoc
3015 2826 3269 2885 tanquam
3312 2811 3546 2884 sigillum

1977 2908 2244 2978 quoddam
2273 2917 2325 2963 et
2349 2909 2550 2964 amoris
2582 2909 2971 2964 monimentum
2998 2918 3051 2963 et
3072 2906 3375 2976 exemplum
3392 2913 3551 2959 teter-

1977 3013 2105 3052 num
2157 2998 2459 3066 nuptiarum
2509 3000 2673 3054 Edem
2712 3009 2768 3053 et
2809 2998 3018 3053 Elohim
3046 3039 3060 3063 ,
3093 3000 3255 3054 homo
3280 3036 3295 3061 ,
3327 2994 3418 3066 qui
3467 3003 3553 3049 est

1974 3090 2166 3146 Adam.
2202 3090 2417 3147 Pariter
2445 3098 2624 3148 autem
2661 3093 2824 3148 etiam
2857 3094 2965 3149 Eva
2999 3092 3137 3147 facta
3169 3099 3253 3146 est
3276 3128 3293 3155 ,
3353 3086 3551 3156 inquii.

1976 3191 2033 3235 ut
2062 3181 2324 3252 scriptum
2355 3190 2438 3236 cst
2462 3182 2622 3247 Mosi,
2655 3182 2834 3252 imago
2869 3193 2923 3237 et
2951 3179 3284 3249 exemplum,
3314 3175 3551 3246 sigillum

296 3248 388 3301 καὶ
429 3250 621 3320 φιλίας
651 3255 954 3330 ὑπόμνημα
990 3262 1083 3315 καὶ
1110 3263 1376 3335 σύμϐολον
1405 3270 1624 3325 αίώνιον
1652 3270 1749 3326 τοῦ
1768 3248 1871 3341 γάλ

1979 3274 2032 3329 in
2062 3248 2379 3345 perpetuum
2411 3248 2821 3330 custodiendum
2854 3275 2998 3331 illius
3026 3248 3216 3329 Edem.
3268 3268 3552 3340 Deposita-

298 3357 398 3438 μου
434 3343 540 3414 τῆς
567 3344 726 3415 Ἑδὲμ
750 3350 846 3403 καὶ
874 3351 968 3405 τοῦ
1022 3355 1253 3430 Ἐλωεὶμ
1281 3359 1587 3433 ἄνθρωπος,
1611 3365 1641 3418 δ
1677 3365 1870 3438 Ἀδάμ.

306 3430 541 3528 ’δμοίως
573 3436 631 3490 δὲ
654 3441 748 3493 καὶ
780 3442 813 3512 ή
847 3442 962 3499 Εὕα
982 3446 1196 3528 γέγρνε,
1230 3430 1417 3523 φησὶν,
1451 3454 1642 3528 ὥσπερ
1686 3430 1876 3512 Μωσεῖ

294 3520 632 3615 γέγραπται,
666 3530 831 3584 είκὼν
859 3537 954 3589 καὶ
986 3520 1557 3615 σύμϐολονξσφραγὶς
1587 3520 1668 3611 είς
1699 3549 1873 3604 αίῶνα

296 3614 755 3711 φυλαχθησομένη
801 3625 847 3657 ³³
891 3627 990 3698 τῆς
1024 3630 1214 3703 Ἐδέμ·
1262 3614 1530 3709 κατετέθη
1580 3656 1639 3692 τε
1670 3641 1871 3711 ὁμοίως

294 3704 385 3757 καὶ
413 3708 477 3759 ἐν
530 3712 596 3780 τῇ
631 3711 746 3785 Εὔα
776 3718 843 3788 τῇ
882 3719 1051 3773 εἰκόνι
1077 3722 1221 3796 ψυχὴ
1256 3726 1357 3796 μὲν
1397 3704 1632 3801 ἀπὸ-τῆς
1685 3704 1866 3804 ’1Ξδὲμ,

295 3797 519 3868 πνεῦμα
549 3800 608 3854 δὲ
641 3804 748 3858 ἀπὸ
772 3806 867 3860 τοῦ
911 3809 1163 3883 Ἐλωείμ.
1197 3816 1307 3869 Καὶ
1353 3797 1616 3890 ἐδόθησαν
1656 3797 1870 3875 ἐντολαὶ

292 3885 480 3951 αὒτοῖς
499 3903 515 3918 θ
542 3890 890 3955 Αὑξάνεσθε
911 3898 956 3928 ³³
989 3900 1087 3952 καί
1119 3885 1522 3969 πληθύνεσθέ,
1555 3906 1654 3959 καί
1688 3923 1869 3962 κατα-

293 3982 793 4051 κληρογομήσατε
816 3986 932 4056 τὴν
960 3988 1095 4061 γῆν,
1119 3992 1367 4047 τουτέστι
1389 3993 1488 4066 τὴν
1514 3994 1696 4067 Ἐδὲμ,
1726 3997 1868 4052 οὕτω

292 4074 397 4144 γὰρ
424 4073 576 4162 θέλει
603 4079 935 4150 γεγράφθαι.
960 4083 1151 4138 Πᾶσαν
1165 4085 1275 4154 γὰρ
1298 4086 1396 4158 τὴν
1420 4088 1617 4160 ἑαυτῆς
1638 4089 1867 4162 δύναμιν

292 4161 455 4216 οἱονεί
475 4180 601 4219 τινα
624 4167 813 4221 οὐσίαν
843 4171 900 4224 ὲν
924 4171 1087 4243 γάμῳ
1127 4175 1161 4245 ἠ
1204 4174 1365 4247 Ἐδὲμ
1405 4178 1751 4249 προσήνεγκε
1780 4161 1871 4251 τῷ

303 4253 761 4328 Ἐλωείμ.’()θεν,
784 4263 938 4333 φησι,
956 4266 1097 4318 κατὰ
1113 4266 1345 4337 μίμησιν
1373 4269 1579 4323 ἐκείνου
1603 4270 1694 4324 τοῦ
1718 4271 1868 4343 πρώ-

293 4362 382 4400 του
410 4350 597 4420 γάμου
631 4354 835 4422 προίκα
881 4356 1252 4428 προσφέρουσι
1297 4358 1460 4429 μέχρι
1510 4362 1755 4434 σήμερον
1812 4365 1867 4418 αἱ

292 4442 552 4506 γυναῖκες
599 4445 713 4508 τοῖς
746 4444 1008 4518 ἀνδράσι,
1060 4447 1189 4521 θείῳ
1232 4451 1340 4503 τινὶ
1387 4451 1432 4483 ³⁵
1469 4453 1567 4506 καὶ
1613 4456 1868 4527 πατρικῷ

292 4532 441 4601 νόμῳ
486 4534 811 4604 πειθόμεναι
851 4535 929 4608 τῷ
971 4540 1252 4614 γενομένῳ
1302 4540 1439 4614 πρὸς
1501 4543 1736 4617 Ἐλωεὶμ
1766 4549 1870 4619 τῆς

1980 3380 2086 3436 qius
2109 3374 2192 3421 est
2226 3367 2432 3435 pariter
2476 3368 2637 3422 etiam
2677 3368 2730 3424 in
2761 3366 2894 3432 Eva,
2927 3366 3182 3437 imagine,
3216 3362 3397 3417 anima
3426 3358 3550 3429 qui-

1979 3457 2098 3512 dem
2126 3458 2193 3511 ab
2224 3458 2312 3511 illa
2340 3457 2545 3519 Edent,
2597 3458 2817 3529 spiritus
2864 3467 3041 3512 autem
3094 3456 3160 3509 ab
3206 3452 3450 3513 Elohim,
3496 3458 3555 3504 et

1978 3547 2099 3603 data
2135 3559 2260 3602 sunt
2289 3550 2548 3616 imperata
2590 3548 2693 3603 iis:
2720 3548 2998 3619 Augemiui
3022 3558 3069 3601 et
3095 3540 3545 3614 multiplicamini,

1977 3649 2023 3693 et
2054 3640 2314 3693 sortimini
2364 3626 2557 3694 terram
2580 3681 2596 3707 ,
2629 3639 2731 3695 hoc
2767 3650 2848 3694 est
2897 3639 3060 3694 Edem
3090 3654 3106 3705 ;
3154 3637 3233 3692 sic
3262 3635 3408 3691 enim
3439 3631 3553 3688 vult

1977 3731 2238 3796 scriptum
2270 3745 2411 3786 esse.
2446 3731 2670 3787 Omnem
2711 3731 2854 3786 enim
2879 3737 3197 3800 potestatem
3243 3741 3395 3782 suam
3425 3735 3548 3779 tan-

1976 3834 2138 3888 quam
2162 3820 2394 3889 aliquam
2421 3821 2599 3875 dotem
2623 3821 2676 3872 in
2704 3819 2906 3888 nuptiis
2924 3818 3089 3874 Edem
3114 3815 3293 3873 attulit
3311 3812 3552 3871 Elohim.

1979 3905 2152 3974 Unde,
2185 3907 2402 3977 inquit,
2441 3923 2536 3977 per
2573 3909 2931 3962 imitationem
2989 3906 3285 3975 primarum
3332 3900 3553 3956 illarum

1976 3997 2287 4067 nuptiarum
2322 3998 2498 4054 dotem
2530 3997 2763 4053 all'erunt
2810 3997 3078 4066 hodieque
3130 3992 3388 4049 mulieres
3416 3990 3551 4047 viris

1975 4088 2171 4144 divime
2198 4089 2410 4144 cuidam
2468 4098 2522 4145 et
2560 4089 2747 4159 patria:
2784 4087 2886 4158 legi
2940 4086 3243 4150 obsecuta},
3296 4096 3417 4153 quas
3458 4081 3548 4136 lex

1976 4180 2187 4234 sancita
2218 4188 2300 4235 est
2349 4178 2489 4235 inter
2518 4180 2682 4234 Edem
2718 4188 2771 4234 et
2803 4177 3033 4233 Elohitn.
3076 4173 3321 4231 Conditis
3363 4181 3545 4227 autem

1973 4266 2249 4333 euntibus,
2298 4275 2359 4322 ut.
2407 4267 2668 4338 scriptum
2700 4277 2785 4322 est
2826 4267 2967 4337 apud
3005 4265 3211 4331 Mosen,
3240 4273 3295 4319 et
3322 4263 3461 4320 caelo
3492 4273 3549 4318 et

1978 4366 2121 4413 terra
2167 4368 2222 4413 et
2266 4358 2354 4424 iis,
2398 4373 2518 4429 quae
2560 4359 2614 4414 in
2649 4359 2730 4415 eis
2770 4358 2979 4425 insunt,
3019 4357 3073 4412 in
3119 4365 3350 4427 quatuor
3380 4356 3581 4423 impeg

1974 4446 2053 4503 ria
2084 4448 2241 4505 divisi
2269 4458 2394 4505 sunt
2421 4450 2703 4506 duodecim
2743 4447 3098 4521 222-223
3130 4447 3318 4502 matris
3348 4444 3547 4516 angeli,

1975 4549 2030 4594 et
2068 4549 2297 4595 vocatur
2334 4539 2527 4594 horum
2552 4541 2804 4611 quodque
2847 4542 3121 4610 quadrans
3148 4538 3323 4590 amnis
3349 4534 3545 4587 Phison

303 4619 489 4693 Ἐδέμ.
516 4623 863 4680 Κτισθέντων
892 4629 950 4683 δὲ
989 4630 1230 4695 πάντων,
1276 4631 1352 4697 ὡς
1373 4633 1687 4705 γέγραπται
1716 4640 1867 4709 παρὰ

1977 4642 2030 4688 et
2072 4631 2258 4688 Gehon
2303 4644 2355 4687 et
2386 4630 2566 4705 Tigris
2602 4643 2656 4688 et
2690 4632 3014 4703 Euphrates,
3046 4638 3139 4697 ut,
3176 4627 3370 4697 inquit,
3418 4624 3549 4680 dicit

291 4710 367 4780 τῷ
390 4713 627 4790 Μωῦσῇ,
664 4716 895 4787 ούρανοῦ
924 4736 985 4772 τε
1016 4720 1112 4774 καὶ
1133 4720 1236 4791 γῆς
1268 4723 1364 4776 καὶ
1397 4723 1507 4777 τῶν
1541 4726 1599 4778 ὲν
1633 4726 1772 4799 αὐτῇ
1803 4730 1872 4796 ³⁸,

294 4803 372 4865 εἰς
437 4803 710 4877 τέτταρας
764 4810 939 4881 ἀρχὰς
999 4812 1331 4885 διῃρέθησαν
1392 4817 1441 4870 oi
1502 4817 1708 4875 δώδεκα
1771 4822 1873 4893 τῆς

296 4896 505 4967 μητρὸς
531 4897 773 4967 ἄγγελοι.
802 4905 897 4961 καὶ
926 4904 1169 4959 καλεῖται
1192 4905 1398 4960 τούτων
1419 4907 1649 4965 ἕκαστον
1678 4928 1873 4983 τεταρ-

292 4989 559 5061 τημόριον
591 4990 668 5066 [p.
705 4994 1004 5069 152—154]
1040 4997 1303 5070 ποταμὸς,
1342 5000 1551 5054 Φεισὼν
1580 5004 1676 5055 καὶ
1724 5003 1871 5058 Γεὼν

294 5082 387 5139 καὶ
418 5084 614 5157 Τίγρις
642 5086 737 5140 καὶ
762 5089 1075 5161 Εὐφράτης,
1112 5090 1209 5159 ὡς,
1243 5093 1397 5162 φησὶ,
1428 5093 1576 5163 λέγει
1603 5095 1867 5165 Μωῦσῆς’

294 5167 437 5227 οὗτοι
458 5175 977 5249 ἑμπεριέρχονταιῇθ
999 5182 1048 5233 oi
1064 5181 1269 5235 δώδεκα
1290 5183 1509 5253 ἄγγελοι
1529 5186 1608 5250 είς
1632 5186 1867 5257 τέτταρα

298 5263 438 5335 μέρη
471 5269 1081 5343 συμπεριπεπλεγμένοι
1114 5272 1207 5326 καὶ
1237 5273 1478 5330 διέπουσι
1519 5275 1611 5330 τὸν
1636 5276 1865 5347 κόσμον,

1976 4724 2173 4781 Moses.
2214 4724 2276 4779 lli
2306 4725 2785 4796 circumvagantur
2806 4724 3087 4778 duodecim
3121 4719 3296 4791 angeli
3331 4718 3382 4771 in
3410 4730 3546 4787 qua.

1976 4824 2100 4871 tuor
2142 4816 2328 4886 partes
2365 4817 2505 4870 inter
2537 4832 2595 4871 se
2642 4815 2946 4886 cainplicati
2980 4824 3030 4867 et
3061 4811 3363 4882 gubernant
3393 4822 3547 4862 mun-

1977 4908 2103 4962 dum
2132 4948 2146 4971 ,
2178 4908 2504 4978 satrapicam
2537 4908 2824 4979 quamdam
2856 4907 3165 4961 obtinentes
3200 4902 3250 4955 in
3289 4899 3546 4953 mundum

1976 5000 2045 5054 ab
2070 5001 2233 5055 Edem
2263 5011 2537 5071 acceptam
2577 5010 2919 5067 potesmtem.
2968 4996 3185 5051 Manent
3230 5002 3410 5048 autem
3438 5005 3546 5046 non

1974 5105 2190 5158 semper
2238 5091 2291 5144 in
2346 5092 2477 5146 locis
2518 5092 2725 5153 iisdem,
2756 5092 2848 5145 sed
2879 5101 3130 5160 tanquam
3167 5087 3219 5141 in
3251 5086 3419 5140 choro
3452 5098 3547 5156 cy-

1974 5182 2111 5238 clico
2139 5183 2654 5255 circumvagantur,
2702 5193 2972 5238 mutantes
3019 5182 3193 5236 locum
3236 5195 3302 5236 ex
3332 5178 3449 5233 loco
3492 5186 3550 5232 et

1974 5273 2227 5331 cedentes
2254 5277 2420 5333 certis
2462 5276 2793 5347 temporibus
2839 5284 2894 5331 et
2948 5272 3243 5331 intervallis
3294 5270 3409 5328 loca
3443 5266 3549 5330 sibi

1569 5452 1803 5511 νΑιιιΑξ
1832 5453 2235 5515 LECTIONES.

369 5604 415 5636 ἰ
440 5604 846 5730 Βασελαγέαμῶς
878 5608 941 5671 (3,
961 5609 1171 5697 νΒάὸελ,
1218 5609 1472 5683 Ἀχαμῶς
1509 5611 1577 5666 Μ.

373 5674 394 5727 ι
428 5675 559 5730 Mos.
586 5694 646 5730 tt.
715 5720 723 5728 .
840 5681 883 5710 ²⁶
918 5681 1085 5730 Ουτος
1114 5683 1175 5730 L.
1208 5681 1278 5730 M.
1390 5682 1433 5713 ’τ
1465 5682 1577 5730 λέγε

303 5672 345 5705 ³³
373 5674 394 5727 ι
428 5675 559 5731 Mos.
586 5672 746 5741 tt,'8.'
840 5681 883 5710 ²⁶
918 5673 1085 5743 Οὗτος
1114 5679 1175 5741 C.
1208 5681 1278 5735 Μ.

300 5743 475 5820 ὑπὲρ.Δ
556 5748 602 5820 ³Ῠ
631 5746 857 5820 εποίησε
878 5748 961 5820 VC,
992 5749 1064 5820 Μ.
1160 5753 1202 5783 ³¹
1237 5751 1420 5807 αὐτόν.
1456 5743 1649 5808 ἑαυτόν
1677 5753 1740 5808 C.

1688 5614 1733 5644 ”
1768 5614 2036 5669 Καυῖθαν.
2092 5609 2407 5671 Λευῖαθάνῖ
2439 5612 2592 5680 Φαρα

1390 5682 1433 5713 ’τ
1465 5682 1613 5751 λέγει
1638 5682 1767 5739 δεῖν·
1800 5683 2019 5750 λέγεται
2048 5682 2112 5747 C,
2147 5682 2217 5735 M.
2322 5682 2368 5713 ³⁸
2402 5698 2493 5751 περ

1390 5771 1420 5807 t.
1456 5754 1649 5808 ἑαυτόν
1677 5753 1740 5808 C.
1844 5755 1889 5785 ⁸⁸
1924 5752 2402 5823 φυλαχθησόμενος
2431 5750 2493 5805 C.

302 5771 460 5814 Vlup.
556 5771 600 5779 τ’
631 5771 857 5820 artatque
888 5771 961 5813 υ,
992 5771 1064 5803 Μ.
1160 5771 1202 5783 ⁸·
1237 5771 1420 5807 αυτον.
1456 5771 1649 5808 εαυτον
1677 5771 1740 5808 b.
1844 5771 1889 5785 "
1924 5771 2402 5839 φυλαχυησομενος
2431 5771 2493 5805 ho

302 5814 785 5894 ξεληθύνεσθε-καὶ
832 5818 1161 5894 πληρώσατε
1212 5822 1313 5894 τὴν
1359 5823 1463 5892 γῆν
1507 5824 1605 5877 καὶ
1655 5822 2123 5894 κατακυριεύσατε
2150 5839 2344 5893 αυτης,
2366 5838 2421 5877 κ.
2457 5838 2506 5875 τ.
2539 5821 2590 5875 λ.

2595 5606 2671 5661 ὡθ
2709 5608 2771 5671 C,
2807 5608 2877 5664 li.
2989 5606 3037 5640 “
3072 5603 3453 5674 συναιροῦνται
3478 5604 3541 5674 C.

2322 5682 2368 5713 ³⁸
2402 5673 2865 5751 περιέσταλμένος
2895 5677 2957 5733 C.
3036 5677 3081 5708 "
3104 5675 3212 5728 τῶν
3254 5675 3416 5745 ὑπέρ.
3452 5673 3545 5727 τὸν

2322 5769 2402 5803 νος
2431 5750 2493 5803 C.
2605 5749 2649 5780 ³³
2675 5748 2691 5802 Ι
2721 5748 2851 5803 Mos.
2879 5765 2916 5803 ι.
2946 5748 3015 5803 28
3046 5767 3059 5802 ;
3088 5745 3395 5803 Αύξάνεσθε
3449 5743 3546 5795 καὶ

2721 5767 2851 5804 mos.
2879 5767 2916 5813 1,
2946 5767 3015 5803 Ζδ
3046 5767 3059 5802 ζ
3088 5767 3395 5810 Αυςανεσῠε
3449 5767 3539 5795 και

2704 5820 2748 5851 ³⁸
2782 5818 2910 5891 θείῳ
2938 5818 3045 5872 τινὶ
3095 5817 3177 5872 bis
3215 5819 3267 5871 in
3303 5815 3423 5869 cod.
3470 5812 3539 5865 Μ.

304 5883 347 5915 ³⁸
375 5883 509 5958 αὐτῇ
543 5888 608 5944 Β.
649 5887 869 5947 Scottus
900 5883 1094 5965 ε’ἆρχῇ
1125 5892 1196 5959 C,
1228 5883 1297 5951 Μ’.
1371 5883 1952 5967 πὲμπεριέχονταίο,
1979 5892 2046 5948 Μ·
