4070 6522
214 477 351 543 32οἹ

1324 488 1622 552 CONTRA
1660 494 2025 561 H/ERESES
2054 501 2199 563 LIB.
2240 503 2339 565 VI.

3346 524 3488 587 3208

214 592 393 648 στολοι
422 590 661 663 ἤλεγξαν
684 608 700 625 ο
745 591 809 648 οὗ
842 592 1024 667 πολλῷ
1051 596 1364 670 σοφώτερον
1422 604 1518 656 καὶ
1560 603 1787 675 μετριώ·

1902 622 2011 678 quo
2040 610 2208 666 multo
2254 613 2558 683 sapientlus
2590 624 2645 671 et
2678 619 2979 678 modestius
3008 624 3281 695 Apsethus
3329 630 3491 705 Libys

210 698 372 753 τερον
403 682 642 751 Ἀψεθος
666 685 694 737 6
715 684 882 748 Λίϐυς
909 686 951 727 *⁸
973 687 1223 758 ὀρεχθεὶς
1240 687 1361 754 θεὸς
1382 692 1703 763 νομισθῆναι
1737 694 1796 748 ἐν

211 771 389 844 Λιϐύῃ
420 772 800 846 ἐπεχείρησεν,
834 771 896 831 οὖ
946 777 1039 830 τὸν
1090 778 1259 849 μῦθον
1301 782 1362 833 οὐ
1402 781 1538 835 πολύ
1595 800 1649 836 τι
1694 785 1799 837 άπ-

211 867 551 934 εμφαίνοντα
601 869 703 938 τῆς
743 868 989 938 Σίμωνος
1040 869 1137 923 τοῦ
1187 872 1419 942 ματαίου
1474 872 1793 946 ἐπιθυμίας,

209 958 363 1010 δοκεῖ
409 958 778 1029 διηγήσασθαι
808 960 938 1014 ὄντα
964 961 1116 1027 ἄξιον
1157 962 1259 1033 τῆς
1286 964 1479 1019 τούτου
1512 967 1799 1041 ἐπιχειρή-

212 1066 374 1113 σεως.

283 1140 350 1212 η’.
389 1142 624 1212 ’Λψεθος
655 1145 683 1197 6
707 1143 877 1207 Λίϐυς
901 1144 1218 1217 ἐπεθύμησε
1250 1146 1371 1212 θεὸς
1397 1149 1652 1217 γενέσθαι
1672 1167 1687 1181 ·
1720 1151 1797 1215 ὠς

211 1233 266 1287 δὲ
286 1234 763 1305 πολυπραγμονῶν
800 1237 938 1289 πάνυ
967 1236 1313 1309 ἀπετύγχανε
1344 1240 1442 1309 τῆς
1473 1241 1791 1312 ἐπιθυμίας,

215 1323 452 1393 ἠθέλησε
480 1323 585 1377 κᾶν
624 1325 804 1377 δοκεῖν
837 1325 1142 1393 γεγονέναι,
1174 1328 1268 1381 καὶ
1291 1327 1437 1393 ἔδοξέ
1470 1346 1534 1398 γε
1561 1330 1637 1394 ὡς
1662 1331 1795 1402 άλη-

216 1414 323 1478 θῶς
380 1416 559 1487 χρόνῳ
599 1416 805 1469 πλείονι
853 1418 1137 1486 γεγονέναι
1181 1416 1325 1484 θεός.
1376 1421 1575 1475 Ἔθυον
1604 1421 1714 1493 γάρ
1742 1424 1791 1476 of.

211 1510 431 1579 ἀνόητοι
460 1508 663 1573 Λίϐυες
688 1507 839 1581 αὐτῷ
867 1510 942 1573 ὡς
973 1511 1020 1543 ¹⁶
1044 1510 1167 1583 θείᾳ
1194 1512 1304 1565 τινὶ
1356 1513 1604 1584 δυνάμει,
1636 1516 1794 1586 νομί-

213 1601 399 1667 ζοντες
458 1600 664 1655 ἀνωθεν
721 1598 780 1666 ἐξ
828 1601 1063 1673 οὐρανοῦ
1122 1606 1552 1659 πεπιστευκέναι
1614 1612 1790 1681 φωνῇ.

212 1692 582 1762 Συναθροίσας
630 1690 739 1763 γὰρ
782 1693 864 1755 είς
903 1691 1003 1746 ἕνα
1054 1693 1149 1747 καὶ
1198 1694 1291 1747 τὸν
1345 1696 1509 1749 αὐτὸν
1549 1698 1792 1753 οἰκίσκον

212 1783 432 1855 ὄρνιθας
486 1783 771 1847 πλείστους
801 1785 1102 1856 ψιττακοὺς
1147 1785 1501 1842 κατέκλεισεν
1534 1805 1548 1819 ⁸
1603 1790 1712 1844 eis!
1736 1792 1791 1846 δὲ

1900 703 2288 773 concupiscens
2316 721 2416 775 pro
2444 707 2547 763 deo
2568 709 2751 765 haberi
2772 714 2826 768 in
2857 712 3020 788 Libya
3061 734 3350 788 aggressus
3383 703 3485 791 est,

1898 793 2053 860 cujus
2088 794 2323 850 rabulam
2373 814 2477 853 non
2516 799 2806 858 admodum
2844 807 2984 861 illam
3019 824 3050 863 a
3090 810 3328 868 Simonis
3361 817 3487 871 vani

1898 883 2041 939 illius
2068 888 2366 956 cupiditate
2392 890 2739 949 abludeutem
2765 897 2941 966 placet
2972 914 3231 958 enarrare
3250 944 3266 971 ,
3289 907 3489 978 quipp:-

1898 991 2017 1046 qua:
2043 978 2201 1049 digna
2230 980 2300 1034 sit
2327 982 2555 1051 hujusce
2585 989 2892 1043 conamine.

1964 1154 2019 1211 8.
2053 1157 2326 1226 Apsethus
2390 1160 2557 1233 Libys
2611 1168 2921 1237 concupivit
2963 1168 3095 1226 deus
3151 1171 3309 1240 ﬁeri;
3344 1170 3481 1230 ‘cum

1896 1258 2077 1303 autem
2121 1249 2254 1304 nihil
2297 1267 2403 1306 non
2450 1268 2679 1311 conatus
2721 1272 2947 1325 prorsus
2997 1262 3283 1318 excidisset
3312 1267 3479 1331 ausis,

1897 1342 2168 1396 nitebatur
2191 1343 2277 1397 vel
2307 1344 2478 1399 videri
2502 1346 2676 1405 iactus
2700 1365 2844 1415 esse,
2872 1360 2927 1405 et
2948 1354 3097 1407 visus
3128 1364 3211 1408 est
3242 1354 3483 1424 profecto

1897 1446 2084 1486 revera
2120 1432 2271 1502 lapsu
2310 1439 2570 1504 temporis
2611 1438 2786 1494 l'aetus
2822 1456 2944 1496 esse
2991 1444 3147 1498 deus.
3197 1445 3483 1503 Sacriﬁca-

1894 1523 2024 1577 baut
2050 1524 2194 1578 enim
2224 1523 2399 1579 insani
2430 1524 2623 1598 Libyes
2654 1530 2728 1585 illi
2760 1542 3012 1600 tanquam
3044 1536 3237 1590 divina-
3267 1540 3479 1596 cuidam

1896 1617 2173 1686 potestati,
2198 1617 2401 1687 opinati
2432 1634 2665 1688 superne
2692 1622 2760 1676 de
2788 1625 2929 1678 cmlo
2948 1624 3111 1695 lapsze
3127 1630 3241 1682 voci
3272 1644 3333 1684 se
3355 1646 3477 1688 cre—

1894 1712 2042 1767 dere.
2073 1713 2438 1784 Cougregavit
2472 1718 2616 1771 enim
2667 1718 2719 1771 in
2768 1736 2929 1774 unam
2963 1725 3317 1796 eamdemque
3344 1729 3479 1783 :edi-

1891 1804 2069 1858 culam
2095 1820 2224 1861 aves
2251 1806 2513 1876 plurimas
2536 1809 2799 1878 psittacos
2826 1827 3029 1882 easque
3062 1817 3302 1874 inclusit.
3341 1819 3481 1875 Sunt

214 1876 458 1932 πλεῖστοι
508 1878 650 1932 κατά
686 1878 786 1950 τὴν
841 1878 1050 1951 Λιϐύην
1080 1878 1355 1950 ψιττακοὶ,
1403 1882 1497 1936 καὶ
1541 1884 1787 1953 ἐναργῶς

1892 1904 2071 1949 autem
2102 1896 2352 1965 permulti
2417 1876 2784 1971 perVLibyam
2834 1876 3049 1971 psit-laci
3109 1917 3165 1962 et
3226 1919 3480 1966 accurate

216 1968 541 2039 μιμούμενοι
585 1971 725 2026 πάνυ
787 1971 887 2042 τὴν
950 1971 1301 2044 ἀνθρωπίνην
1358 1976 1565 2046 φωνήν.
1619 1973 1787 2043 Οὗτος

1894 1986 2184 2041 admodum
2223 1986 2520 2044 humanam
2555 1958 2741 2045 vocem
2768 1993 3062 2053 imitantes.
3091 1996 3188 2053 Hic
3217 2000 3349 2055 satis
3388 2002 3478 2055 diu

214 2057 391 2129 χρόνῳ
401 2057 698 2131 διαθρέψας
708 2060 834 2124 τοὺς
850 2060 1029 2131 ὄρνεις
1046 2061 1249 2128 ἐδίδαξε
1281 2062 1291 2132 1
1323 2063 1792 2136 λέγειν’Ἃψεθος

217 2151 347 2217 θεός
378 2150 572 2207 ἐστιν.
606 2152 692 2217 Ὠς
719 2153 776 2207 δέ
806 2155 1055 2225 ἤσκησαν
1084 2158 1133 2209 οί
1156 2156 1371 2227 ὄρνιθες
1404 2159 1582 2230 χρόνῳ
1608 2160 1790 2233 πολλῷ

217 2243 307 2297 καὶ
352 2243 513 2297 τοῦτο
560 2244 765 2314 ελεγον,
802 2247 941 2316 ὅπερ
975 2246 1112 2319 ᾤετο
1136 2248 1176 2280 ¹⁷
1231 2249 1423 2320 λεχθὲν
1484 2251 1603 2305 θεὸν
1650 2249 1789 2309 εἶναι

214 2336 459 2406 ποιήσειν
493 2336 812 2407 νομίζεσθαι
866 2338 959 2393 τὸν
996 2340 1250 2410 ’Δψεθον,
1291 2344 1413 2398 τότε
1466 2346 1684 2412 ἀνοίξας
1727 2345 1789 2399 τὸ

212 2426 415 2499 οἴκημα
440 2428 626 2483 εῐασεν
671 2430 830 2486 ἄλλον
864 2430 1130 2505 ἀλλαχόσε
1156 2437 1286 2501 τοὺς
1316 2436 1634 2508 ψιττακούς.
1681 2442 1787 2493 Πε-

212 2519 449 2589 τομένων
477 2520 534 2574 δὲ
550 2521 658 2575 τῶν
678 2523 909 2594 ὀρνίθων
938 2524 1162 2596 ἐξῆλθεν
1190 2530 1218 2581 6
1243 2529 1481 2598 φθόγγος
1507 2533 1585 2595 είς
1607 2534 1786 2587 πᾶσαν

211 2608 302 2680 τὴν
332 2609 565 2681 Αιϐύην,
628 2614 721 2665 καὶ
756 2612 827 2667 τὰ
873 2615 1097 2685 ῥήματα
1154 2616 1334 2671 αὐτῶν
1385 2619 1567 2690 διῆλθε
1624 2622 1785 2691 μέχρι

209 2699 305 2769 τῆς
349 2698 674 2773 Ἑλληνικῆς
710 2703 835 2774 γῆς,
868 2707 964 2759 καὶ
998 2706 1171 2771 οὕτως
1199 2708 1248 2762 oi
1288 2710 1485 2775 Λίϐυες
1509 2712 1788 2767 καταπλα-

209 2792 393 2861 γέντες
429 2794 524 2847 ἐπὶ
554 2797 620 2865 τῇ
651 2794 760 2850 τῶν
785 2796 1016 2868 ὀρνίθων
1046 2803 1195 2872 φωνῇ
1225 2800 1284 2854 τό
1313 2818 1372 2854 τε
1406 2805 1652 2874 πραχθὲν
1682 2804 1787 2858 ὑπὸ

208 2883 296 2937 τοῦ
344 2884 572 2954 Ἀψέθου
629 2886 1020 2961 πανούργευμα
1076 2890 1150 2961 μὴ
1182 2892 1535 2964 ἐννοήσαντες
1560 2896 1624 2961 ’⁸,
1659 2896 1780 2951 θεὸν

209 2971 352 3047 εἶχον
395 2975 489 3031 τὸν
514 2977 766 3048 ’Λψεθον.
825 2979 946 3034 Τῶν
1004 2980 1059 3034 δὲ
1098 2982 1368 3055 Ἐλλήνων
1402 3001 1485 3048 τις
1540 2986 1783 3058 ἀκριϐῶς

208 3069 469 3141 ἐννοήσας
500 3069 559 3123 τὸ
586 3070 825 3141 σόφισμα
857 3072 951 3126 τοῦ
982 3076 1375 3147 νενομισμένου
1403 3076 1528 3131 θεοῦ
1553 3078 1642 3132 διὰ
1676 3079 1785 3133 τῶν

208 3163 383 3218 αὐτῶν
427 3164 652 3219 ἐκείνων
688 3165 967 3234 ψιττακῶν
996 3168 1097 3222 οὐκ
1128 3166 1207 3239 [ρ.
1250 3169 1530 3243 ιδῃ-θλ]
1569 3171 1784 3243 ἐλέγχει

210 3255 386 3326 μόνον,
421 3256 560 3311 ἀλλά
592 3257 686 3311 καὶ
714 3259 966 3328 ἀφανίζει
995 3260 1086 3313 τὸν
1129 3261 1370 3326 ἀλαζόνα
1403 3264 1498 3317 καὶ
1526 3265 1782 3335 φορτικὸν

208 3348 411 3401 ἐκεῖνον
433 3348 741 3417 ἄνθρωπον.
780 3351 1108 3416 Μετεδίδαξε
1137 3352 1193 3406 δὲ
1213 3354 1242 3406 6
1267 3352 1467 3424 Ἕλλην
1494 3354 1786 3426 καθείρξας

208 3438 434 3503 πολλοὺς
461 3439 571 3493 ἀπὸ
608 3439 716 3494 τῶν
759 3441 1038 3511 ψιττακῶν
1069 3443 1247 3513 λέγειν
1274 3459 1291 3475 ·
1332 3446 1584 3514 Ἀψεθος
1630 3446 1789 3515 ἡμᾶς

206 3529 615 3595 κατακλείσας
660 3530 969 3601 ἠνάγκασε
1046 3533 1249 3603 λέγειν
1271 3552 1283 3566 ο
1346 3537 1616 3605 Ἀψεθος
1654 3537 1789 3602 θεός

202 3619 394 3674 ἐστιν.
426 3619 786 3687 Ἀκούσαντες
806 3622 863 3676 δὲ
886 3625 935 3677 οί
962 3624 1161 3689 Λίϐυες
1183 3626 1284 3696 τῆς
1316 3627 1645 3699 παλινῳδίας
1674 3628 1784 3682 τῶν

202 3710 502 3782 ψιπακῶν,
554 3714 755 3777 πάντες
830 3714 1172 3786 ὁμοθυμαδὸν
1229 3717 1576 3781 συνελθόντες
1633 3735 1769 3772 κατ-

206 3803 445 3859 έκαυσαν
478 3803 571 3858 τδν
614 3805 869 3876 Ἀψεθον.
1111 3867 1114 3869 Α

276 3896 341 3950 θ’.
379 3895 571 3961 Οὕτως
599 3898 838 3968 ἡγητέον
882 3897 1102 3969 Σίμωνα
1127 3886 1231 3953 τὸν
1257 3899 1431 3969 μάγον
1460 3899 1787 3965 ἀπεικάζον-

204 4007 299 4054 τας
326 3990 407 4063 τῷ
448 3991 612 4045 Λίϐυῖ
650 3992 835 4062 τάχιον
882 3991 1158 4065 ἀνθρώπῳ
1203 3994 1246 4025 ¹⁹
1280 3994 1558 4066 γενομένῳ
1605 3993 1782 4061 οὕτως

206 4083 330 4154 θεῷ.
368 4084 432 4138 El
456 4082 515 4137 δὲ
544 4083 657 4154 ἔχει
687 4083 757 4137 τὰ
783 4083 883 4155 τῆς
914 4085 1121 4149 εἰκόνος
1150 4086 1415 4158 ἀκριϐῶς,
1449 4087 1546 4142 καὶ
1583 4088 1786 4143 πέπον-

205 4174 292 4229 θεν
319 4176 349 4228 6
401 4175 577 4247 μάγος
628 4175 802 4241 πάθος
864 4194 918 4229 τι
957 4177 1341 4249 παραπλήσιον
1379 4178 1612 4251 Ἀψέθῳ,
1663 4182 1785 4235 ἐπι-

204 4270 553 4341 χειρήσωμεν
572 4269 989 4341 μεταδιδάσκειν
1025 4269 1119 4323 τοῦ
1153 4270 1398 4341 Σίμωνος
1427 4272 1554 4335 τοὺς
1588 4271 1785 4343 ψιττα-

204 4365 352 4431 κοὺς,
380 4365 468 4419 ὅτι
490 4364 726 4435 Χριστὸς
749 4365 851 4418 οὐκ
874 4360 941 4437 ἦν
966 4365 1144 4436 Σίμων
1174 4367 1202 4419 6
1230 4364 1424 4433 ἑστὼς,
1460 4366 1615 4433 στὰς,
1652 4384 1785 4439 στη-

206 4459 430 4529 σόμενος
454 4473 467 4486 ·
494 4457 611 4511 ἀλλ’
632 4456 920 4527 ἄνθρωπος
952 4452 1022 4529 ἦν
1066 4458 1131 4512 ἐκ
1165 4458 1503 4531 σπέρματος,
1533 4459 1784 4531 γέννημα

202 4551 475 4621 γυναικὸς,
508 4552 566 4619 ἐξ
598 4552 845 4622 αἱμάτων
870 4553 964 4605 καὶ
981 4550 1281 4623 ἐπιθυμίας
1314 4555 1587 4624 σαρκικῆς
1609 4554 1781 4608 καθάο

1893 2093 2021 2133 aves
2058 2090 2340 2149 postquam
2377 2082 2602 2137 nutrivit
2631 2084 2811 2141 docuit
2853 2086 2954 2142 fari
2990 2107 3004 2145 :
3049 2089 3316 2158 Amathus
3351 2093 3478 2148 deus

1891 2179 1989 2225 est.
2020 2169 2308 2241 Postquam
2337 2182 2517 2228 autem
2550 2188 2913 2233 exercuerunt
2941 2194 3069 2235 aves
3110 2184 3242 2236 satis
3269 2185 3356 2237 diu
3394 2184 3475 2239 id-

1889 2277 1996 2333 que
2019 2262 2270 2317 l'abantur
2294 2266 2436 2330 quod
2461 2264 2550 2318 ille
2572 2266 2898 2334 opinabatur
2923 2272 3123 2325 dictum
3159 2272 3476 2329 ell‘ecturum

1888 2366 2028 2416 esse,
2071 2361 2128 2405 ut
2156 2352 2471 2407 crederetur
2496 2353 2630 2409 deus
2656 2370 2778 2409 esse
2810 2360 3100 2428 Apsethus,
3130 2370 3241 2416 tum
3285 2375 3476 2434 aperta

1886 2441 2112 2497 rudicula
2146 2440 2310 2495 alium
2343 2443 2599 2497 aliorsum
2627 2444 2846 2501 avolare
2880 2449 3139 2517 psittacos
3167 2451 3314 2507 sivit.
3368 2453 3475 2507 Vu-

1885 2538 2124 2601 ],.mtihus
2157 2548 2334 2595 autem
2366 2538 2555 2593 avibus
2584 2539 2717 2593 exiit
2746 2555 2848 2593 vox
2884 2542 2935 2594 iu
2987 2556 3205 2597 omnem
3239 2542 3469 2617 Libyam

1887 2638 1939 2682 et
1970 2645 2129 2687 voces
2173 2632 2388 2687 illorum
2434 2644 2854 2702 penetraverunt
2897 2650 3067 2704 usque
3116 2637 3182 2691 ad
3224 2638 3470 2694 Graecam

1889 2728 2086 2775 terram
2111 2761 2127 2788 ,
2162 2733 2216 2777 et
2258 2724 2329 2778 ita
2366 2723 2563 2796 Libyes
2590 2726 2823 2796 perculsi
2853 2729 3033 2781 avium
3067 2743 3197 2784 voce
3237 2738 3289 2784 et
3318 2729 3467 2784 frau-

1886 2812 2005 2867 dem
2036 2813 2103 2870 ab
2127 2815 2368 2885 Apsetho
2399 2817 2745 2874 commissam
2775 2819 3086 2890 ignorantes
3116 2836 3213 2891 pro
3254 2822 3355 2877 deo
3380 2820 3473 2877 ba-

1884 2904 2085 2961 bebant
2102 2907 2424 2978 Apsethum.
2444 2909 2753 2966 Grazcorum
2776 2921 2958 2967 autem
2976 2912 3193 2981 quidam
3220 2925 3474 2970 accurate

1884 3000 2188 3066 perspectis
2220 3000 2376 3057 malis
2432 3002 2638 3057 artibus
2697 3004 2932 3058 hominis
2988 3019 3086 3071 pro
3135 3006 3236 3061 deo
3266 3005 3476 3061 scilicet

1884 3086 2144 3142 vcnditati
2175 3104 2272 3158 per
2303 3091 2520 3146 eosdem
2550 3091 2669 3146 illos
2700 3091 3057 3164 236-237
3083 3093 3340 3162 psittacos
3363 3110 3471 3150 non

1885 3180 2133 3249 coarguit
2162 3182 2319 3237 modo
2344 3222 2361 3249 ,
2407 3182 2501 3238 sed
2555 3185 2717 3238 etiam
2760 3185 2981 3254 perimit
3014 3185 3285 3240 hominem
3325 3185 3473 3241 illum

1841 3325 1854 3342 ,
1890 3271 2185 3341 gloriosum
2219 3282 2273 3329 et
2311 3275 2547 3329 inanem.
2588 3276 2787 3331 Contra
2844 3284 3023 3331 autem
3074 3277 3259 3332 docuit
3310 3278 3476 3333 homo

1890 3363 2134 3432 Cra-cus,
2164 3367 2257 3436 qui
2282 3366 2479 3424 multos
2502 3381 2566 3422 ex
2586 3368 2836 3437 psittacis
2866 3369 2919 3423 in
2954 3384 3115 3423 cavea
3143 3369 3471 3436 inclusisset,

1888 3455 2117 3514 dicere:
2158 3458 2425 3528 Apscthus
2460 3476 2577 3513 cum
2620 3476 2713 3515 nos
2746 3462 3041 3517 inclusisse!
3078 3462 3242 3532 coegit
3279 3463 3473 3527 dicere,

1887 3551 2146 3619 Apselltut
2186 3553 2314 3606 deus
2362 3563 2457 3608 est.
2508 3553 2705 3608 Audita
2755 3564 2934 3608 autem
2986 3552 3187 3625 Libyes
3230 3563 3476 3609 recanta-

1887 3644 2035 3698 tione
2057 3645 2413 3714 psittacorum
2445 3660 2638 3701 omnes
2662 3646 2994 3702 unanimiter
3012 3646 3292 3716 congressi
3325 3660 3477 3701 com-

1887 3733 2183 3789 busserunt
2218 3734 2540 3801 Apsetbum.

1958 3915 2012 3971 9.
2040 3913 2240 3969 Eodem
2264 3915 2424 3969 modo
2446 3914 2793 3969 statuendum
2823 3922 2907 3968 est
2932 3913 2999 3974 de
3024 3911 3266 3977 Simone,
3293 3925 3455 3983 quem

1886 4007 2046 4064 citius
2077 4008 2485 4077 comparaveris
2528 4022 2648 4062 cum
2677 4004 2852 4076 Libye
2884 4003 2998 4067 illo,
3030 4018 3191 4073 quam
3220 4017 3341 4056 cum
3372 4000 3473 4055 ali-

1885 4113 1995 4170 quo
2018 4111 2203 4152 revera
2232 4098 2354 4163 deo,
2388 4098 2482 4152 sed
2515 4096 2605 4168 qui
2632 4095 2992 4165 assumpserit
3027 4094 3315 4149 humanam
3349 4106 3474 4162 spe-

1886 4195 2047 4251 ciem.
2083 4194 2177 4249 Sin
2207 4201 2385 4247 autem
2421 4190 2537 4244 haec
2566 4186 2905 4257 comparatio
2957 4195 3212 4240 accurate
3242 4182 3474 4252 quadrat

1885 4295 1940 4340 et
1968 4300 2160 4355 passus
2192 4292 2278 4339 est
2326 4296 2516 4350 magus
2566 4279 2875 4350 passionem
2911 4275 3201 4346 quamdam
3231 4272 3474 4344 Apsetho

1885 4377 2138 4443 similem,
2196 4373 2545 4442 experiamur
2603 4369 2861 4425 redocere
2915 4365 3157 4423 Simonis
3212 4364 3475 4436 psittacos

1882 4468 2161 4523 Christum
2189 4480 2291 4521 non
2319 4464 2486 4519 fuisse
2505 4461 2806 4526 Simonem,
2826 4461 2915 4530 qui
2940 4468 3068 4526 stat,
3094 4458 3266 4521 stetit,
3285 4455 3470 4520 stabit,

1885 4554 1978 4609 sed
2018 4554 2289 4609 hominem
2324 4552 2471 4606 illum
2505 4551 2672 4605 fuisse
2703 4565 2771 4605 ex
2803 4550 3032 4614 semine,
3064 4547 3308 4602 subolem
3346 4561 3469 4598 ιιιιι-

204 4661 306 4714 περ
330 4644 427 4698 καὶ
450 4644 696 4697 οἰλοιποὶ
722 4644 1123 4713 γεγεννημένος
1146 4645 1270 4699 ’καὶ
1302 4646 1386 4699 ὅτι
1412 4646 1570 4701 ταῦθ’
1601 4646 1779 4711 οὕτως

1887 4646 2058 4711 Iieris,
2084 4661 2147 4702 ex
2177 4645 2443 4715 sanguine
2490 4652 2544 4698 et
2584 4642 3024 4712 concupiscentia
3058 4638 3263 4696 carnali
3312 4638 3472 4693 sicuti

1930 4736 1957 4747 ,.
2160 4734 2193 4747 ..
2444 4742 2454 4747 -
3118 4727 3441 4747 ,Διά-,ω

203 4736 337 4806 ἔχει,
365 4735 652 4808 προϊόντος
680 4735 775 4789 τοῦ
798 4736 958 4805 λόγου
994 4737 1195 4810 ῥαδίως
1224 4737 1590 4818 ἐπιδείξομεν.
1615 4740 1779 4809 Λέγει

1887 4736 2050 4792 etiam
2097 4734 2338 4806 reliquos
2368 4742 2553 4788 natum
2586 4750 2601 4799 ;
2632 4741 2687 4786 et
2714 4731 2827 4785 hate
2862 4730 2934 4785 ita
2965 4744 3083 4784 sese
3116 4727 3317 4781 habere
3349 4740 3472 4795 pro-

203 4828 255 4882 δὲ
268 4831 296 4882 6
316 4827 504 4900 Σίμων
530 4828 896 4901 μεταφράζων
916 4830 961 4861 ὀ
982 4830 1074 4884 τὸν
1088 4830 1254 4901 νόμον
1266 4814 1603 4894 Μωῦσέωςί³
1622 4831 1783 4900 ἀνοή-

1889 4830 2118 4884 cedente
2163 4839 2415 4882 sermone
2442 4824 2601 4880 facile
2629 4824 2960 4879 evincemus.
2998 4820 3138 4875 Dicit
3168 4827 3349 4873 autem
3381 4815 3471 4872 Si-

202 4936 305 4982 τως
364 4936 425 4971 τε
461 4920 558 4973 καλ⁵
616 4919 984 4991 κακοτέχνως.
1046 4919 1291 4984 Μωσέως
1340 4921 1448 4991 γὰρ
1505 4921 1779 4989 λέγοντος,

1890 4933 2016 4973 mon
2045 4918 2335 4973 traducens
2381 4916 2556 4986 legem
2601 4913 2798 4985 Moysis
2848 4911 3172 4981 insipienter
3218 4918 3270 4963 et
3316 4906 3470 4963 mali-

200 5009 288 5064 ὅτι
329 5012 364 5065 ό
399 5010 547 5077 Θεὸς
590 5009 710 5080 πῦρ
739 5012 785 5043 ³⁸
842 5013 1071 5081 φλέγον
1100 5012 1144 5043 ’³
1182 5012 1313 5066 ἐστι
1364 5011 1463 5066 καί
1526 5027 1784 5066 κατανα-

1892 5010 2048 5066 tiose.
2076 5010 2211 5065 Cum
2246 5006 2424 5064 Moses
2453 5007 2597 5062 enim
2636 5006 2805 5061 dicit:
2837 5004 2973 5060 Deus
3004 5003 3139 5075 ignis
3162 5001 3469 5057 comburens
3564 5055 3578 5067 ,

199 5102 439 5169 λίσκον,
503 5102 799 5175 δεξάμενος
854 5103 916 5156 τὸ
976 5103 1166 5174 λεχθὲν
1198 5101 1303 5157 ὑπὸ
1376 5101 1624 5166 Μωσέως
1679 5102 1779 5154 οὐκ

1889 5111 1936 5155 et
1967 5116 2276 5156 consument
2302 5110 2403 5165 est,
2436 5106 2715 5169 assumpto
2734 5112 2821 5165 eo,
2852 5096 2996 5169 quod
3033 5094 3210 5151 Moses
3234 5093 3468 5157 dixerat,

1510 5258 1745 5315 νΑΒΙᾸΞ
1782 5256 2192 5317 LECTIONES.
2252 5252 2262 5262 ’

268 5376 589 5457 "ntidamai
620 5379 649 5432 6
676 5376 865 5457 Λίϐυς.
910 5375 995 5433 Cf.
1013 5376 1340 5457 _Apos_tolius
1393 5373 1681 5457 Proverbia.
1710 5389 1777 5457 οε.
1826 5372 2128 5457 νηιῐναιρῶν
2297 5374 2575 5457 Maximus
2591 5370 2814 5457 Iyrjus
2849 5368 3469 5457 Digbxxxvmprorsus

204 5440 519 5520 similiafde
552 5440 835 5520 [’saphone
886 5440 1144 5520 quodam
1170 5447 1339 5520 Libye
1378 5454 1593 5520 narrat,
1618 5445 1723 5520 nisi
1764 5445 1908 5520 quod
1940 5440 2127 5520 ultima
2158 5444 2557 5520 desiderantur.
2591 5440 2905 5520 Maximum
2928 5440 3150 5510 Tyrium
3181 5440 3442 5520 exscripsi

198 5509 688 5597 Apostolius_Qeni.
721 5509 1007 5597 ῃιιεεξόὸ.
1046 5535 1100 5588 p.
1131 5509 1698 5597 ζξθέριιηιειιέδοίι,
1736 5509 1828 5584 qui
1864 5514 2127 5597 similem“
2151 5515 2517 5597 narrationem
2563 5512 2819 5597 aﬂ'ertnde
2854 5509 3125 5597 ‘l-lamique
3178 5509 3461 5597 Carthagi-

202 5580 463 5663 i_i_i'ensi‘ex
488 5587 710 5663 Amiano
735 5587 799 5663 Y.
835 5586 977 5663 Hist.
1006 5580 1116 5655 xiv,
1145 5589 1233 5645 '50.
1256 5586 1340 5645 Cf.
1365 5587 1527 5663 etiam
1547 5580 1894 5663 1lustiuixat,
1926 5584 2343 5663 6et_Plin._qut.
2370 5585 2520 5663 ‘Hist.
2546 5581 2775 5663 muniti.
2794 5580 3074 5663 ηίξκαρτᾦ
3093 5580 3189 5663 ὡς,
3221 5580 3372 5649 αὐτῷ
3401 5580 3465 5647 C,

202 5656 266 5711 Μ.
302 5659 393 5726 qui
426 5658 659 5730 δυνάμει
682 5659 964 5713 delendum
997 5650 1380 5737 esse-censet.
1429 5656 1511 5737 βξ
1538 5654 1694 5737 (pero.
1740 5653 1879 5726 ᾤετο
1915 5655 1975 5737 τὸ
2013 5656 2076 5737 C_.
2188 5656 2232 5687 ⁸⁸
2254 5656 2589 5737 ἐνδήσαντες
2794 5650 2976 5737 “Nisi
3022 5650 3467 5737 alnpliorforntt-

203 5720 332 5809 [uela
352 5720 864 5809 subestz'legeudum
907 5740 1052 5809 certe
1077 5728 1264 5809 τάχιον
1300 5727 1381 5800 [ἢ]
1418 5720 1691 5809 ἀνθρώπῳ
1730 5720 2009 5809 γενομένω
2048 5720 2391 5809 ὅντως-Θεῷ,
2417 5723 2797 5809 ᾱεηϐὴτίειοιξρ
2828 5720 3016 5809 conpar
3051 5720 3465 5809 seqtigntiaznbl.

263 5790 663 5882 μεταιρράξῳνῖ
687 5800 1090 5880 μεταερράσσων
1226 5790 1590 5882 μετάξρριάσων
1862 5790 2170 5882 Βρωῢσωής.
2199 5790 2461 5881 Μωύσεος
2490 5796 2551 5851 C.
2599 5881 2602 5882 ν
2837 5806 2868 5847 ν
2893 5790 3262 5882 Ηυξηῂιιγέβι

200 5861 399 5941 Κθριος
421 5861 466 5925 δ’
492 5861 625 5935 Θεός
657 5861 889 5941 σουμπῦῥ
917 5861 1312 5925 καταναλίσκον
1341 5861 1490 5923 ἐστὶν
1516 5866 1855 5941 αὐτὸς,ῗθεὸς
1881 5861 2152 5940 ζηλώτης.
2183 5882 2230 5923 c.
2267 5883 2344 5934 ιχ,
2379 5867 2432 5934 5,
2460 5883 2518 5936 ll,
2554 5880 2703 5931 xstv,
2729 5864 2816 5920 Π.
2893 5861 2937 5894 ’³
2958 5861 3173 5933 φλέγων
3204 5891 3275 5906 -
3296 5875 3468 5918 καταιη

204 5940 469 5997 να).ίσκων
506 5956 588 6011 pr.
617 5940 684 6008 C,
718 5939 936 6012 φλέγων
969 5965 1034 5982 -ι
1060 5940 1461 5997 καταναλίσκον
1494 5954 1639 5997 corr.
1674 5940 1737 5995 C.

1462 5656 1503 5687 ¹⁷
1538 5654 1694 5726 ᾤετο.
1740 5653 1879 5726 ᾤετο
1915 5655 1975 5710 τὸ
2013 5656 2076 5710 C.
