4070 6510
680 456 823 523 3213
2121 444 2487 508 ORIGENIS
3776 456 3888 519 321i

683 572 966 641 adspicere
1002 576 1054 623 et
1082 581 1266 622 curam
1305 579 1493 636 gerere
1521 562 1807 632 comparis,
1838 570 2040 618 terram
2080 570 2245 615 auten:

2363 558 2462 626 τὴν
2494 556 2549 609 δὲ
2567 558 2669 627 γῆν
2692 556 3043 627 ὑποδέχεσθαι
3063 557 3108 590 ⁸⁸
3132 561 3283 614 κάτω
3300 559 3425 623 τοὺς
3448 560 3553 613 ἀπὸ
3583 560 3673 615 τοῦ
3694 564 3889 635 οὐρανοῦ

682 663 924 730 recipere
946 657 1081 713 infra
1107 658 1197 727 qui
1223 672 1251 710 a
1276 656 1413 710 cmlo
1448 655 1736 709 rationales
1764 654 2075 708 deferantur
2104 661 2245 706 terra

2364 648 2584 719 νοεροὺς
2614 652 3095 719 καταφερομένους
3133 652 3201 721 τῇ
3239 653 3309 721 γῇ
3348 654 3627 719 συγγενεῖς
3664 658 3887 724 καρποὺς.

681 760 937 822 cognatos
1004 748 1229 803 fructus.
1286 745 1435 801 Hanc
1477 748 1547 801 ob
1600 759 1854 809 causam,
1923 744 2115 813 inquit,
2171 743 2245 797 de-

2362 739 2464 793 Διὰ
2485 740 2664 803 τοῦτο,
2696 741 2878 811 φησὶν,
2913 742 3243 796 ἀποϐλέπων
3268 742 3527 806 πολλάκις
3557 746 3586 798 ό
3607 744 3751 813 λόγος
3781 749 3891 819 πρὸς

679 853 929 913 spectans
966 854 1337 908 sapenumero
1385 840 1534 909 logus
1577 837 1641 890 ad
1694 850 1777 900 ea,
1809 850 1928 906 qum
1968 842 2245 889 nascuntut

2359 830 2430 883 τά
2462 830 2527 882 ἐκ
2570 829 2691 894 νοὸς
2736 830 2834 883 καὶ
2876 831 3119 894 ἐπινοίας
3132 831 3177 864 δ’
3218 832 3622 902 γεγεννημένα,
3655 834 3892 887 τουτέστιν

677 946 741 984 ex
775 940 953 984 mente
997 940 1053 984 et
1094 930 1466 997 intelligentia,
1498 929 1600 981 hoc
1624 938 1706 981 est
1744 940 1805 980 ex
1850 926 1980 980 cmlo
2013 934 2064 979 et
2094 936 2245 978 terra.

2362 919 2423 986 ἐξ
2454 920 2686 992 οὐρανοῦ
2720 922 2815 974 καὶ
2856 922 2980 991 γῆς,
3012 922 3191 991 λέγει·
3236 924 3475 987 Ἄκουε,
3509 923 3789 992 adpare“,
3811 924 3891 978 tuti

676 1021 809 1075 dicit
835 1035 850 1073 :
876 1021 1087 1084 Audite,
1112 1019 1245 1085 creti,
1266 1029 1314 1073 et
1346 1020 1564 1072 auribus
1589 1020 1812 1085 percipe,
1833 1026 1994 1079 terra,
2011 1018 2245 1086 quoniam

2360 1011 2667 1077 ἐνωτιζου,
2702 1009 2778 1080 γῆ
2798 1050 2812 1073 .
2840 1011 2930 1064 ὅτι
2963 1012 3180 1079 Κύριος
3209 1010 3535 1079 ἐλάλησεν.
3572 1013 3736 1079 Υὶοὺς
3757 1014 3891 1083 ἐγέν-

679 1112 935 1166 Dominus
984 1112 1187 1164 locutus
1232 1120 1355 1164 est:
1402 1109 1572 1162 Filios
1628 1110 1867 1178 generavi
1914 1118 1960 1161 et
2007 1107 2245 1171 ι’,ιπαιιαυὶ1

2361 1118 2524 1170 mea
2562 1103 2660 1158 καί
2704 1102 2958 1171 ὕψωσα,
3006 1102 3178 1156 αὐτοὶ
3205 1102 3271 1155 δέ
3302 1119 3377 1169 με
3411 1104 3725 1171 ἠθέτησαν.
3770 1104 3819 1157 '0
3847 1104 3891 1156 δὲ

676 1201 781 1271 ipsi
804 1212 981 1254 autem
1012 1210 1314 1269 spreverunt
1343 1217 1441 1253 me.
1480 1200 1580 1265 Qui
1616 1211 1794 1251 autem
1833 1199 1946 1251 haec
1973 1197 2123 1258 dicit,
2160 1196 2245 1259 ait,

2361 1192 2533 1261 λέγων
2554 1193 2750 1253 ταῦτα.
2776 1194 2962 1264 φησὶν,
2988 1196 3021 1265 ὴ
3054 1193 3254 1264 ἑϐδόμη
3277 1194 3505 1265 δύναμίς
3528 1196 3689 1260 ἐστιν,
3718 1196 3797 1249 ὀ⁸¹
3822 1198 3893 1248 ἐσ-

677 1294 903 1361 septima
933 1302 1170 1360 potestas
1197 1302 1303 1357 est,
1331 1294 1375 1345 is
1411 1293 1501 1361 qui
1534 1299 1659 1353 stat,
1683 1291 1851 1351 stetit,
1899 1288 2062 1344 stabit
2091 1306 2106 1353 ;
2147 1290 2245 1356 ipse

2358 1284 2500 1350 τὼς,
2538 1285 2695 1350 στὰς,
2746 1286 3079 1355 στησόμενος
3104 1301 3119 1315 '
3162 1286 3324 1349 αὐτὸς
3363 1286 3473 1357 γὰρ
3518 1288 3687 1350 αἴτιος
3720 1288 3889 1341 τούτων

677 1384 822 1439 enim
863 1395 1053 1436 auctor
1086 1384 1277 1437 horum
1326 1382 1609 1447 bonorum,
1641 1396 1760 1450 quae
1812 1380 2043 1434 laudavit
2080 1381 2245 1433 Mosct

2358 1376 2468 1429 τῶν
2507 1376 2721 1437 καλῶν,
2771 1370 2847 1430 ὧν
2888 1376 3122 1447 ἐπῄνεσε
3168 1379 3378 1449 Μωσῆς
3412 1379 3459 1409 ⁸¹
3490 1380 3582 1432 xui
3631 1375 3742 1431 εἷπε
3781 1378 3892 1433 καλὰ

678 1484 732 1525 et
762 1473 896 1526 dixit
931 1473 1084 1525 valde
1144 1474 1301 1526 bona.
1340 1471 1455 1525 Vox
1500 1482 1678 1523 autem
1722 1480 1776 1522 et
1832 1483 2024 1522 nomen
2076 1469 2153 1522 sol
2204 1476 2245 1519 et

2358 1467 2499 1520 λίαν.
2539 1469 2601 1520 Ἢ
2647 1468 2704 1521 δὲ
2747 1467 2898 1539 φωνὴ
2930 1470 3024 1521 καὶ
3056 1470 3118 1521 τὸ
3149 1468 3320 1539 ὄνομα
3340 1509 3355 1534 ,
3405 1470 3557 1540 ἥλιος
3592 1472 3678 1523 καὶ
3708 1472 3890 1542 σελήνη.

2371 1557 2432 1609 '0
2456 1555 2513 1609 δὲ
2542 1555 2800 1625 λογισμὸς
2829 1558 2923 1609 xui
2952 1558 2985 1626 ἡ
3016 1556 3333 1628 ἐνθύμησις,
3371 1558 3481 1629 ἀὴρ
3515 1559 3608 1611 xui
3634 1558 3783 1629 ὕδωρ.
3824 1560 3892 1613 Ἐν

2355 1646 2414 1699 δὲ
2464 1645 2677 1710 τούτοις
2726 1645 2929 1700 ἅπασιν
2975 1646 3319 1717 ἐμμέμικται
3370 1648 3465 1701 καὶ
3512 1649 3791 1720 κέκραται,
3830 1649 3891 1712 ὡς

681 1561 828 1617 luna.
863 1561 1229 1616 Ratiocinatio
1257 1575 1435 1617 autem
1477 1572 1531 1616 et
1575 1560 1829 1631 cogitatio
1867 1574 1962 1613 aer
1994 1568 2049 1612 et
2094 1574 2253 1628 aqua.

679 1650 734 1705 In
756 1653 838 1707 his
860 1662 1037 1707 autem
1070 1653 1318 1706 omnibus
1357 1652 1591 1707 immisla
1631 1660 1686 1705 et
1721 1658 2017 1719 temperata
2066 1658 2169 1715 est,
2200 1660 2257 1703 ut

675 1744 809 1806 dixi,
846 1759 1036 1813 magna
1062 1743 1149 1796 illa
1181 1753 1424 1812 potestas
1458 1742 1688 1807 inﬁnita,
1724 1751 1894 1795 stans.
2016 1767 2022 1771 -

2356 1736 2511 1809 ἔφην,
2540 1741 2571 1809 ἡ
2609 1739 2819 1808 μεγάλη
2847 1739 3076 1808 δύναμις
3103 1741 3135 1809 ἡ
3167 1739 3475 1811 ἀπέραντος
3496 1779 3513 1804 ,
3542 1741 3571 1792 ὀ
3601 1740 3776 1803 ἐστώς.

748 1835 835 1887 14.
867 1833 999 1888 Cum
1025 1833 1200 1889 Moses
1227 1834 1389 1901 igitur
1426 1833 1621 1887 dixerit
1648 1853 1660 1888 :
1695 1830 1800 1886 Seu:
1833 1831 2018 1886 diebus
2051 1833 2105 1885 in
2136 1833 2245 1902 qui-

2430 1831 2511 1883 ιδ’.
2538 1831 2781 1894 Μωσέως
2801 1827 2892 1885 οὖν
2921 1832 3201 1901 εἰρηκότος
3220 1848 3235 1864 ο
3268 1833 3377 1897 Ἓξ
3399 1831 3700 1900 ἠμέραις⁸⁸
3726 1834 3788 1886 ἐν
3810 1829 3891 1897 alr,-

676 1925 771 1978 bus
792 1924 931 1977 Deus
951 1925 1074 1995 fecit
1097 1925 1281 1977 cadum
1306 1934 1355 1977 et
1376 1936 1588 1987 terram,
1606 1934 1652 1977 et
1667 1924 1883 1989 septimo
1900 1925 1981 1976 die
2006 1924 2245 1992 requievit

2354 1925 2388 1977 ὀ
2424 1922 2568 1988 Θεὸς
2600 1922 2609 1993 |
2639 1923 2890 1990 ἐποίησε
2930 1922 3038 1975 τὸν
3061 1922 3322 1991 οὐρανὸν
3364 1924 3462 1976 καὶ
3496 1922 3612 1992 τὴν
3643 1921 3776 1992 γῆν,
3811 1922 3892 1975 καὶ

674 2016 740 2069 ab
780 2015 1016 2069 omnibus
1042 2016 1280 2083 aperibus
1302 2016 1433 2076 suis.
1460 2029 1523 2067 eo
1559 2029 1666 2083 quo
1691 2014 1929 2069 diximus
1957 2015 2114 2068 modo
2139 2015 2245 2069 lucc

2353 2013 2427 2082 τῇ
2489 2014 2708 2083 ἐϐδόμῃ
2743 2015 3123 2068 κατέπαυσεν
3163 2014 3279 2068 ἀπὸ
3317 2014 3558 2068 πάντων
3594 2014 3703 2068 τῶν
3738 2016 3894 2083 ἔργων

676 2106 864 2160 Simon
916 2106 1067 2160 aliter
1108 2106 1470 2175 dispensando
1516 2115 1688 2160 semet
1742 2105 1974 2160 deiﬁcat.
2027 2106 2245 2171 Quando

2354 2107 2563 2170 αὐτοῦ,
2608 2106 2699 2158 τὸν
2734 2107 3024 2177 εἰρημένον
3053 2105 3253 2176 τρόπον
3292 2108 3750 2177 μετοικονομήσας
3782 2105 3892 2159 62i-

675 2201 839 2271 igitur
865 2200 1047 2253 dicunt
1074 2198 1417 2269 (Sitnoniani)
1455 2208 1562 2253 tres
1596 2213 1716 2252 esse
1748 2198 1861 2252 dies
1909 2208 2034 2253 ante
2082 2199 2245 2253 solem

2358 2214 2475 2267 μων
2512 2197 2703 2250 ἐαυτὸν
2751 2196 3009 2250 θεοποιεῖ.
3053 2198 3227 2250 Ὅταν
3272 2192 3364 2250 οὖν
3404 2197 3663 2266 λέγωσιν,
3697 2199 3769 2250 ὅτι
3806 2198 3893 2250 eisi

673 2302 729 2346 et
754 2293 931 2344 lmtain
964 2302 1136 2357 natos,
1165 2290 1451 2359 indigitant
1476 2302 1705 2344 mentem
1735 2302 1785 2344 et
1819 2292 2245 2359 intelligentiam,

2353 2291 2501 2355 τρεῖς
2555 2290 2758 2359 ἡμέραι
2807 2288 2913 2359 πρὸ
2950 2288 3100 2359 ἡλίου
3137 2290 3229 2341 xui
3268 2292 3499 2360 σελήνης
3538 2289 3890 2360 γεγενημέναι,

676 2384 779 2437 hoc
807 2392 889 2437 est
914 2384 1111 2436 caalnm
1151 2392 1205 2435 et
1248 2390 1468 2443 terram,
1511 2390 1563 2434 et
1596 2382 1877 2450 septimam
1922 2390 2245 2452 potestatem

2354 2381 2684 2434 αίνίσσονται
2704 2380 2827 2435 νοῦν
2850 2382 2942 2433 καὶ
2973 2381 3245 2446 ἐπίνοιαν,
3275 2383 3556 2436 τουτέστιν
3583 2383 3793 2453 οὐρανὸν
3816 2382 3893 2433 xui

675 2474 936 2526 inﬁnitam
976 2473 1139 2526 illam.
1177 2472 1266 2527 lla:
1294 2476 1438 2527 enim
1473 2484 1582 2527 tres
1623 2483 1917 2542 potestates
1963 2483 2092 2530 sunt
2121 2486 2245 2531 ante

2354 2473 2488 2542 γῆν,
2525 2474 2618 2525 xui
2647 2473 2746 2544 τὴν
2790 2474 3026 2543 ἐὸδόμην
3062 2473 3292 2543 δύναμιν
3320 2476 3418 2546 τὴν
3455 2477 3767 2547 ἀπέραντον.
3807 2469 3891 2528 Αὖη

674 2564 908 2631 reliquas
955 2579 1143 2618 onmes
1187 2575 1341 2618 naue.
1377 2565 1601 2629 Quando
1635 2574 1815 2618 autent
1850 2566 2037 2621 dicunt
2068 2584 2083 2622 :
2119 2567 2252 2621 Ante

671 2653 846 2706 omnia
881 2653 1075 2706 sa'cula
1125 2664 1335 2723 generat
1398 2671 1497 2719 me,
1530 2656 1595 2709 de
1638 2656 1891 2723 septima,
1928 2658 2123 2725 inquit,
2159 2672 2253 2725 po-

672 2755 867 2800 testate
926 2748 1039 2800 ba‘c
1103 2749 1351 2801 dicuntur
1383 2748 1584 2803 valere.
1617 2748 1854 2819 Septima
1908 2758 2087 2803 autem
2140 2751 2255 2804 haec

671 2846 932 2905 potestas,
987 2854 1107 2907 quae
1143 2847 1265 2893 erat
1302 2849 1540 2908 potestas
1598 2841 1867 2895 exsistens
1932 2841 1984 2895 in
2044 2841 2252 2896 inﬁnita

673 2928 759 2981 illa
797 2938 1090 2998 petestate,
1131 2945 1250 2998 quae
1288 2931 1500 2999 quidem
1535 2932 1739 2986 exstitit
1777 2942 1901 2984 ante
1941 2933 2122 2985 omnia
2154 2948 2253 2987 su:-

671 3023 813 3083 cula,
848 3021 979 3087 hac,
1020 3022 1215 3090 inquit,
1245 3033 1329 3077 est
1372 3023 1595 3091 septima
1638 3023 1723 3077 illa
1760 3033 2016 3087 potestas,
2053 3027 2118 3077 de
2148 3040 2245 3093 qua

2354 3023 2543 3088 γέγονε
2572 3020 2674 3090 πρὸ
2700 3020 2917 3074 πάντων
2954 3021 3063 3073 τῶν
3089 3024 3320 3085 αἰώνων,
3350 3022 3488 3090 αὕτη
3525 3023 3658 3083 ἐστὶ,
3679 3018 3885 3087 equini)

672 3112 802 3162 dicit
832 3110 1004 3165 Moses
1032 3126 1045 3165 :
1079 3110 1148 3163 Et
1178 3110 1407 3179 Spiritus
1450 3113 1543 3166 Dei
1574 3113 1839 3183 ferebatur
1869 3131 2025 3183 super
2062 3131 2245 3184 aquas.

2356 3112 2554 3181 ἑϐδόμη
2589 3112 2835 3183 δύναμις,
2870 3115 2997 3185 περὶ
3015 3109 3082 3186 ἦς
3109 3114 3255 3183 λέγει
3287 3114 3492 3183 Μωσῆς
3513 3130 3528 3144 ο
3555 3112 3661 3166 Καὶ
3683 3110 3887 3177 Πνεῦμα

673 3198 774 3251 hoc
799 3208 901 3262 est,
928 3198 1119 3268 inquit.
1146 3199 1377 3268 Spiritus
1421 3202 1625 3256 habens
1663 3202 1712 3254 in
1741 3217 1800 3255 se
1839 3204 2043 3266 munia,
2075 3204 2245 3267 imago

2358 3203 2558 3257 Θειοῦδε⁵
2600 3204 2915 3273 ἐπεφέρετο
2959 3206 3159 3259 ἐπάνω
3192 3205 3298 3259 τοῦ
3345 3204 3567 3270 ὕδατος
3590 3223 3602 3236 ·
3640 3203 3883 3261 τουτέστι.

671 3287 894 3343 inﬁnita:
920 3290 1061 3344 illius
1086 3293 1387 3359 potestatis,
1407 3293 1472 3345 de
1493 3307 1595 3360 qua
1630 3292 1813 3347 Simon
1849 3294 1983 3348 dicit
2010 3312 2024 3348 :
2062 3294 2245 3360 Imago

2354 3296 2507 3366 φησὶ,
2535 3297 2593 3349 τὸ
2616 3297 2841 3366 Πνεῦμα
2861 3298 2920 3350 τὸ
2953 3297 3129 3350 πάντα
3146 3296 3266 3367 ἔχον
3284 3297 3329 3328 ⁸⁵
3346 3298 3404 3349 ἐν
3429 3292 3791 3364 ἐαυτῴ,είκὼν
3806 3291 3886 3359 τῆς

669 3393 736 3431 ea:
766 3378 1067 3450 incorrupta
1094 3380 1287 3448 forma,
1308 3380 1421 3434 sola
1452 3382 1703 3436 ordinum
1731 3387 1929 3436 omnia.
1961 3382 2082 3437 lhec
2104 3385 2245 3436 enim

2350 3386 2655 3456 ἀπεράντου
2679 3388 2979 3457 δυνάμεως,
3001 3394 3128 3459 περὶ
3145 3385 3253 3459 ἧςό
3270 3389 3450 3458 Σίμων
3474 3384 3817 3454 λέγει-δικὼν
3829 3381 3885 3445 ἐξ

672 3478 930 3540 potestas,
970 3488 1090 3541 qua:
1122 3473 1294 3529 fertur
1345 3488 1509 3542 super
1555 3490 1742 3543 aquas,
1793 3491 1858 3530 ex
1913 3478 2245 3543 incorrupta,

672 3559 867 3627 inquit,
898 3571 1025 3615 nata
1056 3561 1225 3615 forma
1260 3562 1371 3617 sola
1418 3563 1634 3617 ordinat
1666 3564 1869 3619 omnia.
1900 3564 2033 3620 Cum
2085 3564 2249 3634 igitur

672 3650 794 3706 talis
818 3654 1059 3720 quaedam
1091 3662 1144 3707 et
1179 3655 1475 3709 consimilis
1503 3653 1706 3710 fabrica
1736 3656 1916 3709 mundi
1944 3655 2049 3710 illis
2078 3656 2250 3713 exstio

672 3744 819 3809 terit,
852 3744 1023 3810 tinxit,
1056 3746 1246 3815 inquit,
1286 3747 1423 3801 Deus
1460 3747 1735 3801 hominem
1780 3747 1906 3800 limo
1935 3757 2149 3817 sumpto
2182 3748 2248 3804 de

669 3844 834 3899 terra,
871 3833 1025 3891 ﬁnxit
1070 3844 1247 3891 autem
1282 3852 1388 3892 non
1430 3837 1727 3908 simplicem
1763 3837 1856 3892 sed
1884 3837 2146 3907 duplicem
2178 3840 2245 3894 ad

670 3923 959 3994 imaginem
1004 3933 1060 3979 et
1110 3926 1540 3983 similitudinem.
1571 3928 1749 3997 Imago
1791 3937 1970 3982 autem
2004 3938 2090 3983 est
2134 3928 2247 3998 spi-

669 4016 809 4071 ritus
841 4016 931 4086 qui
963 4015 1133 4072 fertur
1165 4033 1328 4091 super
1370 4034 1562 4089 aquas,
1588 4020 1678 4089 qui
1724 4018 1810 4072 ubi
1841 4033 1943 4072 tt0n
1981 4018 2245 4088 eﬂigiattts

668 4109 794 4174 erit,
844 4122 965 4162 cum
1029 4110 1231 4163 mundo
1278 4111 1493 4178 peribit,
1544 4124 1668 4164 cum
1723 4120 1989 4180 potestate
2039 4120 2243 4165 tantum

670 4209 887 4254 maneat
922 4208 975 4257 et
1006 4199 1357 4272 244-245
1386 4218 1489 4255 non
1519 4202 1800 4258 ellicientia
1838 4204 2083 4258 exsistat.
2110 4203 2240 4270 lloc,

670 4291 867 4361 inquit,
908 4300 992 4347 est
1028 4292 1157 4346 illud
1209 4294 1351 4361 quod
1404 4294 1603 4347 dictttm
1666 4304 1784 4349 est:
1819 4292 1903 4348 Ne
1963 4310 2071 4348 una
2123 4312 2241 4348 cum

2354 2579 2443 2615 ται
2462 2564 2571 2633 γὰρ
2595 2564 2649 2616 αἱ
2668 2566 2816 2633 τρεῖς
2846 2563 3101 2631 δυνάμεις
3132 2564 3240 2617 eici
3271 2566 3375 2636 πρὸ
3406 2567 3597 2619 πασῶν
3626 2567 3727 2619 τῶν
3745 2566 3890 2618 ἄλλων

2354 2657 2663 2726 γενόμεναι.
2683 2658 2852 2709 Ὅταν
2868 2657 2923 2709 δέ
2942 2656 3170 2721 λέγωσι·
3198 2657 3317 2723 Πρὸ
3343 2658 3585 2711 πάντων
3597 2658 3641 2690 ⁸⁸
3658 2657 3766 2711 τῶν
3782 2656 3888 2709 aldi-

2354 2767 2478 2803 νων
2506 2748 2689 2818 γεννᾷ
2703 2766 2799 2817 με,
2823 2749 2950 2817 περὶ
2981 2747 3079 2816 τῆς
3105 2746 3359 2819 ἑϐδόμης,
3391 2767 3463 2819 φη
3473 2750 3548 2812 ei,
3570 2748 3821 2817 δυνάμεως
3836 2749 3888 2799 τὰ

2355 2838 2581 2892 τοιαῦτα
2610 2839 2825 2906 λέγεται
2856 2835 3016 2893 εἷναι.
3049 2841 3283 2911 Ἑϐδόμη
3310 2841 3366 2892 δὲ
3385 2839 3526 2909 αὕτη
3544 2840 3775 2907 δύναμις,
3792 2839 3887 2907 ἥτις

2353 2924 2421 3000 ἦν
2451 2928 2676 2999 δύναμις
2706 2931 3027 3000 ὑπάρχουσα
3050 2933 3105 2983 ἐν
3134 2936 3198 3003 τῇ
3224 2931 3518 3002 ἀπεράντῳ
3540 2930 3769 2999 δυνάμει,
3790 2929 3888 2996 ἥτις

2349 3478 2654 3547 ἀφθάρτου
2683 3478 2947 3548 μορφῆς,
2980 3480 3298 3548 κοσμοῦσα
3318 3481 3475 3549 μόνη
3522 3479 3725 3533 πάντα.
3760 3474 3882 3543 Αὕτη

2348 3570 2457 3641 γάρ
2489 3573 2519 3641 ἡ
2544 3571 2771 3641 δύναμις
2792 3613 2805 3636 ,
2840 3575 2873 3643 η
2913 3574 3281 3645 ἐπιφερομένη
3319 3573 3505 3627 ἐπάνω
3534 3572 3627 3625 τοῦ
3648 3570 3816 3631 ὓδατος
3835 3566 3884 3632 ἐξ

2348 3660 2625 3733 ἀφθάρτου
2647 3701 2661 3724 ,
2698 3664 2833 3733 φησι
2854 3702 2869 3726 ,
2903 3664 3250 3734 γεγενημένη
3298 3663 3518 3736 μορφῆς
3560 3662 3747 3732 κοσμεῖ
3771 3658 3883 3730 μάνη

2347 3752 2546 3807 πάντα.
2609 3754 2880 3824 Τοιαύτης
2935 3752 3029 3809 οὖν
3063 3773 3209 3820 τινος
3258 3756 3353 3810 καὶ
3398 3754 3766 3827 παραπλησίου
3803 3752 3883 3819 τῆς

2346 3846 2691 3916 κατασκευῆς
2748 3846 2843 3898 τοῦ
2894 3847 3102 3917 κόσμου
3159 3848 3458 3918 γενομένης
3511 3847 3643 3918 παρ’
3694 3844 3879 3905 αὐτοῖς,

2346 3935 2546 3989 ἔπλασε
2561 3938 2628 4002 ⁸⁷,
2663 3937 2847 4008 φησιν,
2874 3940 2902 3991 ό
2933 3938 3065 4003 Θεὸς
3098 3939 3190 3993 τὸν
3216 3937 3502 4010 ἄνθρωπον
3533 3936 3661 4008 χοῦν
3692 3933 3787 3989 ἀπὸ
3806 3932 3882 3999 τῆς

2344 4025 2447 4095 γῆς
2493 4024 2704 4078 λαϐώνο
2746 4024 2949 4079 ἔπλασε
2992 4027 3047 4080 δὲ
3079 4028 3178 4097 οὐχ
3216 4026 3453 4092 ἁπλοῦν,
3512 4026 3647 4080 ἀλλὰ
3695 4018 3880 4079 διπλοῦν

2344 4115 2466 4168 κατ’
2497 4115 2682 4168 εἰκόνα
2712 4116 2806 4169 xui
2830 4114 2907 4187 [p.
2942 4115 3243 4188 167—169]
3274 4115 3396 4169 καθ’
3430 4116 3706 4186 ὁμοίωσιν.
3736 4108 3881 4165 Βίκὼν

2342 4206 2398 4260 δέ
2445 4209 2560 4260 ἐστι
2620 4206 2680 4260 τὸ
2730 4207 2947 4277 πνεῦμα
2980 4208 3037 4261 τὸ
3071 4209 3463 4279 ἐπιφερόμενον
3484 4209 3533 4243 ³⁸
3588 4206 3762 4260 ἐπάνω
3800 4197 3878 4255 τοῦ

2344 4295 2563 4360 ὓδατος,
2608 4295 2636 4348 ὃ
2686 4297 2781 4349 ἐὰν
2830 4298 2903 4367 μὴ
2950 4297 3317 4367 ἐξεικονισῦῇ,
3369 4298 3506 4367 μετὰ
3567 4297 3658 4350 τοῦ
3709 4295 3879 4360 κόσμου

667 4385 864 4439 mundo
920 4390 1339 4440 condemnemur.
1399 4384 1496 4441 Ubi
1562 4395 1737 4441 autent
1800 4386 2122 4457 eiﬁgiabitur
2189 4399 2243 4443 et

2348 4387 2658 4453 ἀπολεῖται,
2694 4388 2922 4457 δυνάμει
2962 4392 3151 4457 μεῖναν
3207 4389 3367 4456 μόνον
3407 4389 3502 4440 καὶ
3554 4390 3627 4459 μὴ
3666 4382 3881 4455 ἐνεργείᾳ

667 4476 893 4531 exsistet
925 4491 953 4529 a
993 4488 1191 4545 puncto
1243 4477 1491 4543 indiviso,
1534 4478 1692 4533 sicuti
1732 4480 1990 4549 scriptum
2046 4488 2129 4534 est
2187 4480 2237 4534 in

2348 4479 2649 4549 γενόμενον.
2686 4480 2852 4533 Τοῦτό
2912 4483 3065 4545 ἐστι,
3114 4481 3281 4551 φησὶ,
3334 4480 3394 4534 τὸ
3435 4482 3743 4554 εἰρημένονυ
3772 4478 3887 4530 Ἵνα

671 4566 1041 4633 Revelatione,
1084 4583 1308 4639 parvum
1352 4570 1539 4623 evadet
1574 4584 1845 4639 magnum.
1873 4568 2119 4638 Magnum
2154 4586 2245 4623 au-

2348 4570 2429 4641 μὴ
2451 4572 2496 4604 ⁶⁹
2523 4571 2645 4624 σὺν
2678 4569 2757 4636 τῷ
2791 4573 2994 4641 κόσμῳ
3022 4572 3480 4642 κατακριθῶμεν.
3533 4573 3656 4626 Ἐὰν
3684 4570 3737 4623 δὲ
3766 4568 3881 4632 ἐξει-

667 4665 774 4711 tem
794 4657 920 4712 illud
943 4659 1047 4712 erit
1079 4659 1130 4713 in
1157 4674 1317 4714 onme
1354 4675 1525 4714 aavum
1556 4670 1609 4713 et
1654 4660 2015 4724 inmmtatum,
2057 4668 2241 4729 utpote

667 4750 807 4817 quod
837 4749 1065 4821 amplius
1092 4768 1195 4805 non
1231 4752 1320 4806 ﬁat
1394 4752 1493 4819 Qui
1543 4752 1701 4823 igitur
1736 4760 1789 4805 et
1834 4753 2121 4821 quomodo,
2156 4751 2240 4805 in-

668 4841 808 4909 quit,
838 4842 989 4913 ﬁngit
1020 4844 1293 4898 hominem
1326 4843 1501 4899 Deus?
1530 4844 1584 4899 In
1617 4844 1988 4915 paradiso,sic
2016 4846 2158 4898 enim
2189 4844 2238 4898 ei

670 4931 865 5002 placet.
902 4933 1053 5000 Esto,
1101 4934 1297 5004 inquit,
1339 4936 1622 5005 paradisus
1661 4945 1865 4999 uterus,
1919 4934 2077 5004 idque
2119 4951 2238 4991 esse

671 5036 856 5077 verum
899 5023 1177 5095 Scriptura
1226 5028 1455 5095 docebit,
1491 5027 1703 5097 quando
1753 5028 1931 5083 dicit:
1973 5028 2085 5099 Ego
2121 5045 2239 5083 sunt

669 5116 759 5186 qui
791 5115 960 5184 formo
997 5120 1123 5172 tein
1157 5127 1302 5173 utero
1354 5121 1535 5175 matris
1589 5130 1711 5175 tua'.
1757 5119 1963 5174 Etenim
2017 5122 2118 5175 hoc
2168 5122 2239 5174 ita

667 5207 930 5277 scriptum
986 5208 1117 5266 vult.
1170 5207 1507 5278 Paradisum,
1539 5211 1732 5283 inquit,
1780 5225 1876 5281 per
1928 5210 2237 5281 allegoriant

2348 4665 2567 4736 κονισοῇ
2613 4666 2707 4718 καὶ
2746 4664 2971 4735 γένηται
3016 4665 3124 4719 ἀπὸ
3168 4665 3403 4735 στιγμῆς
3453 4664 3771 4735 ἀμερίστου,
3819 4656 3879 4717 ὡς

2346 4759 2655 4827 γέγραπται
2697 4757 2755 4809 ὲν
2791 4760 2857 4827 τῇ
2900 4758 2908 4824 l
2951 4758 3285 4825 Ἀποφάσει,
3334 4757 3394 4809 τὸ
3425 4757 3617 4828 μικρὸν
3649 4754 3776 4824 μέγα
3806 4765 3879 4816 γε·

2346 4850 2587 4919 νήσεται.
2629 4848 2700 4900 Τὸ
2742 4846 2798 4900 δὲ
2846 4847 2989 4918 μέγα
3025 4848 3179 4901 ἔσται
3220 4851 3298 4911 εἰς
3334 4848 3425 4901 τὸν
3473 4848 3694 4918 ἄπειρον
3737 4840 3877 4897 αίῶνα

2346 4941 2439 4993 xui
2472 4937 2887 5009 ἀπαράλλακτον
2906 4938 2950 4969 ⁸⁸
2989 4939 3050 4991 τὸ
3086 4939 3282 5010 μηκέτι
3324 4939 3626 5009 γινόμενον.
3660 4933 3770 4994 Πῶς
3802 4923 3877 4981 οὖν

2346 5032 2441 5084 xui
2475 5030 2599 5084 τίνα
2629 5031 2861 5102 τρόπον,
2906 5031 3070 5102 φησὶ,
3108 5032 3399 5084 πλάσσει⁶¹
3446 5030 3533 5083 τὸν
3577 5020 3877 5097 ἀνθρωπονὸ

2346 5120 2512 5185 Θεός;
2544 5120 2631 5174 Ἐν
2659 5122 2991 5191 παραδείσῳ,
3016 5121 3189 5185 οὕτως
3216 5122 3324 5193 γὰρ
3344 5120 3491 5190 αὑτῴ
3516 5122 3673 5174 δοκεῖ.
3706 5116 3872 5173 Ἔστω,

2349 5211 2504 5280 φησι,
2536 5212 2860 5281 παράδεισος
2894 5213 2928 5283 ἡ
2962 5213 3166 5284 μήτρα,
3195 5214 3287 5265 καὶ
3315 5214 3395 5266 ὃτι
3423 5211 3579 5264 τοῦτό
3607 5212 3744 5263 ἐστιν
3767 5203 3873 5272 ἀλη-

1933 5338 2173 5395 νΑΒΙᾸΞ
2214 5339 2629 5396 LECTIONES.

769 5451 1164 5523 ‘}_bn08éxerut
1202 5454 1264 5510 C.
1377 5453 1421 5487 θ’
1453 5454 1727 5516 ὲπιννοὶας
1755 5452 1819 5507 C.

1925 5454 1970 5484 ⁵ο
2004 5451 2106 5507 lsa.
2136 5454 2172 5517 Ι,
2212 5452 2268 5507 2.

2376 5453 2420 5484 ⁵¹
2447 5455 2475 5506 ό
2503 5465 2628 5509 ante
2668 5455 2839 5519 ἐστὼς
2882 5471 2991 5511 om.
3026 5456 3089 5517 C.
3120 5453 3189 5509 Μ.
3304 5456 3349 5487 "
3382 5454 3464 5510 Cf.
3502 5454 3519 5507 l
3558 5453 3686 5505 Mos.
3721 5466 3763 5513 ι,
3798 5446 3871 5519 3i;

665 5522 712 5601 ξ’
740 5521 933 5601 l_Mos._
950 5515 1113 5601 “,3;
1141 5526 1251 5601 Καί
1282 5526 1621 5601 συνετὴέλεσεν
1643 5527 1691 5601 ό.
1703 5515 1835 5601 Θεδς
1859 5525 1915 5576 ἐν
1941 5525 2007 5593 τῇ
2045 5515 2491 5601 ᾑμέρᾳητῇμὲκτῃ
2522 5528 2590 5577 τὰ
2621 5515 2954 5601 ἐργαρδτοῦ
2976 5567 2991 5589 ,
3020 5525 3055 5580 ά
3079 5515 3481 5601 ἐποίησεμκαὶ⁵
3507 5524 3795 5601 κατέπαυσε
3818 5515 3869 5601 τῇ

664 5593 847 5715 ἡμέρᾳ.
874 5592 1178 5714 «messem
1221 5596 1329 5649 ἀπὸ
1375 5596 1592 5648 πάντων
1625 5595 1733 5647 τῶν
1781 5593 1956 5674 ἔργων
1982 5587 2572 5675 ”αὗτοῦ,’,ᾦν’ἐποίη’σε,
2606 5587 2729 5649 coli.
2765 5594 2802 5647 ll
2837 5587 3098 5654 Mos-xx.
3136 5596 3195 5648 ll
3227 5587 3258 5647 ἐ
3309 5587 3396 5648 Ἔν
3424 5595 3531 5664 γὰρ
3576 5592 3633 5656 ἐξ
3671 5588 3873 5673 ἡμέραις

666 5663 767 5715 tm
789 5677 888 5715 ησε
983 5663 1129 5715 ύοιος
1166 5665 1255 5715 τὸν
1282 5665 1508 5715 οὐρανὸν
1538 5666 1630 5715 xui.
1650 5664 1745 5715 τὴν
1772 5682 1876 5715 γην
1908 5664 1999 5715 xui
2034 5664 2130 5715 τὴν
2162 5664 2434 5715 Θάλασσαν
2463 5668 2555 5715 xui
2583 5666 2760 5715 πάντα
2780 5666 2848 5715 τά
2878 5669 2935 5715 ἐν
2952 5668 3154 5715 αὐτοῖς.
3186 5665 3278 5715 xui
3300 5666 3603 5715 κατέπαυσε
3624 5663 3684 5715 τῆ
3716 5655 3871 5715 nuto?

698 5663 888 5733 ποίησε
930 5663 1129 5733 Κύριος
1149 5663 1255 5719 τεὸν
1282 5665 1342 5719 οὐ

666 5683 785 5715 nam
829 5683 888 5712 σε
930 5683 1129 5733 nuptm;
1166 5683 1255 5719 τον
1282 5683 1342 5719 ου
1384 5683 1508 5719 ανον
1538 5683 1630 5719 και
1650 5683 1745 5734 την
1772 5683 1876 5734 γην
1908 5683 1999 5717 και
2034 5683 2130 5732 την
2162 5683 2238 5715 ou.

664 5732 730 5835 τῇ
746 5683 967 5801 ἐέδόμῃ.
1041 5733 1255 5789 “Fort.
1287 5753 1317 5791 e
1343 5683 1633 5791 f’ruverbb.
1660 5735 1864 5789 Saloni.
1899 5750 2011 5798 vm,
2043 5734 2238 5797 95-25,

664 5800 685 5833 ι
736 5797 809 5835 nr
862 5797 899 5835 II
937 5800 1043 5835 Μηο
1104 5818 1140 5835 ιι
1190 5805 1246 5835 '1.
1290 5806 1388 5835 .mn
1455 5804 1602 5835 .u...
1665 5821 1677 5835 .
1738 5803 1807 5835 tu:
1833 5804 1901 5835 ατ
2033 5804 2078 5835 δυ
2106 5804 2238 5835 ρηπι

663 5797 822 5856 ⁵⁷⁷61⁵.
860 5797 1066 5855 ll'Mos.
1104 5818 1163 5873 tt,
1190 5805 1247 5871 7;
1290 5806 1412 5861 coll.
1452 5804 1625 5860 tuos.
1665 5821 1702 5870 l,
1738 5803 1922 5870 26,87.

660 5871 706 5905 οι
737 5869 957 5935 πλάσεις
983 5871 1045 5926 C.

1384 5666 1508 5719 ανὺν
1538 5666 1630 5719 xui
1650 5664 1745 5734 τὴν
1772 5655 1876 5734 γῆν
1908 5664 1999 5717 xui
2034 5664 2130 5732 τὴν
2162 5663 2434 5717 θάλασσαν
2463 5655 2760 5719 καὶηπάντα
2780 5666 2848 5717 τά
2878 5669 2935 5718 ἐν
2952 5668 3154 5729 αὐτοῖς,
3186 5665 3278 5718 xui
3300 5655 3603 5719 κατέπαυσε
3619 5655 3871 5734 efﬁgia?

2316 5734 2362 5765 ⁸⁸
2393 5736 2410 5787 l
2442 5734 2576 5789 Mus.
2616 5751 2653 5797 1,
2677 5736 2730 5789 2.

2033 5804 2078 5836 ⁸⁸
2106 5804 2200 5856 τοῦ
2226 5806 2624 5875 ἐπιφερομένου
2648 5806 2710 5860 C.

2812 5738 2858 5766 ⁸⁵⁸
2891 5736 2950 5788 τὸ
2978 5724 3166 5790 πάντα·
3191 5736 3336 5805 ἔχον.
3362 5736 3439 5805 τῷ
3468 5736 3639 5805 πάντα
3662 5724 3795 5798 ’ἔχειν

2808 5805 2855 5837 ⁸³
2877 5807 2898 5858 ι
2921 5805 3048 5862 Cor.
3078 5822 3138 5873 tt,
3170 5791 3257 5861 ξ’)έῖ
3359 5791 3791 5875 ’θ’ἀπαρὰλακὲον
3816 5791 3867 5847 ιι.
