4070 6518
220 455 367 525 3215

1364 460 1661 521 CONTRA
1697 461 2065 524 H/ERESES
2102 463 2245 524 LIB.
2284 461 2383 523 VI.

3363 463 3503 527 3216

226 574 317 636 θὲς
341 571 377 642 ἡ
400 567 597 641 Γραφὴ
616 567 819 636 διδάξει
846 568 937 622 ὅτε
966 568 1150 637 λέγει’
1188 568 1330 638 Ἐγώ
1349 573 1467 639 ειμι
1485 573 1531 605 ⁶¹
1555 574 1589 626 ό
1612 572 1809 628 aldu-

1917 573 2089 629 Moses
2121 582 2336 629 uterum
2362 572 2518 639 dixit,
2551 572 2819 644 siquidem
2850 573 2975 629 licet
3004 574 3125 644 logo
3156 576 3400 634 credere.
3447 579 3505 635 δι

222 678 355 723 σωγ-
370 661 419 692 ⁸³
452 674 528 714 σε
578 660 650 712 ἐν
688 658 889 728 μήτρᾳ
921 661 1150 729 μητρός
1179 674 1318 714 σου.
1364 662 1475 716 Καὶ
1511 661 1672 716 τοῦτο
1703 662 1812 734 γὰρ

225 754 369 808 οὕτω
395 752 542 806 θέλει
568 751 905 821 γεγράφθαι.
930 752 1035 805 Τδν
1060 752 1409 821 παράδεισον,
1435 754 1623 824 φησὶν,
1646 755 1813 824 ἀλλη-

216 846 406 916 νγορῶν
437 848 466 899 6
494 845 701 915 Μωσῆς
731 844 829 913 τὴν
872 848 1085 915 μήτραν
1121 844 1377 914 εἴρηκεν,
1420 844 1580 916 εἰπερ
1614 845 1695 898 δεῖ
1735 846 1815 916 τῷ

228 938 373 1007 λόγῳ
406 935 707 1001 πιστεύειν.
740 936 803 988 El
830 935 889 987 δὲ
925 934 1156 989 πλάσσει
1190 936 1218 987 6
1247 935 1379 999 Θεὸς
1398 938 1457 988 ὲν
1492 938 1675 1007 μήτρᾳ
1711 954 1815 1008 μηο

228 1030 357 1102 τρδς
402 1028 495 1082 τδν
549 1027 872 1099 ἄνθρωπον,
928 1027 1208 1080 τουτέστιν
1252 1028 1312 1079 ὲν
1354 1028 1700 1099 παραδείσῳ,
1738 1028 1815 1092 ὡς

231 1122 406 1191 εφην,
450 1120 591 1172 ἔστω
628 1119 958 1189 παράδεισος
995 1121 1028 1189 ὴ
1073 1120 1294 1190 μήτρα,
1341 1120 1502 1191 Ἐδὲμ
1529 1120 1587 1173 δὲ
1618 1121 1677 1173 τὸ
1709 1138 1816 1191 χω-
1854 1128 1859 1133 ⁷

235 1210 369 1280 ρίον,
422 1207 691 1276 ποταμὸς
724 1206 1260 1277 ἐκπορευόμενος⁶⁶
1306 1208 1375 1271 ἐξ
1437 1208 1605 1277 Ἐδὲμ
1652 1210 1817 1262 ποτί-

234 1299 351 1359 ζειν
370 1299 416 1329 ⁸⁸
451 1296 560 1350 τόν
603 1295 973 1364 παράδεισον
1009 1296 1037 1347 6
1074 1294 1341 1365 ὀμφαλός.
1372 1290 1537 1357 Οὗτος
1561 1336 1575 1358 ,
1610 1298 1775 1364 φησὶν
1798 1335 1813 1358 ,

232 1385 552 1456 ἀφορίζεται
575 1388 603 1438 6
630 1384 874 1455 ὀμφαλὸς
906 1387 987 1447 είς
1020 1384 1289 1456 τέσσαρας
1312 1386 1508 1457 ἀρχὰς,
1542 1386 1814 1455 ἑκατέρω-

234 1477 322 1529 Θεν
358 1477 469 1546 γὰρ
502 1476 596 1530 τοῦ
629 1475 878 1547 ὀμφαλοῦ
908 1475 1000 1529 δύο
1040 1477 1177 1529 εἰσίν
1204 1476 1467 1547 ἀρτηρίαι
1504 1494 1815 1547 παρατετα-

237 1565 457 1635 μέναι⁶⁶
480 1606 496 1631 ,
531 1565 709 1635 ὀχετοὶ
750 1565 1093 1635 πνεύματος,
1125 1567 1218 1619 καὶ
1251 1566 1345 1618 δύο
1373 1567 1601 1635 φλέϐες,
1635 1568 1816 1639 ὀχετοὶ

233 1657 484 1727 αἵματος.
532 1654 781 1708 Ἐπειδὰν
801 1656 844 1686 ⁸⁷
883 1655 939 1708 δὲ
961 1696 976 1721 ,
1008 1655 1174 1725 φησὶν
1194 1698 1209 1721 ,
1250 1656 1359 1709 ἀπὸ
1388 1656 1481 1709 τοῦ
1521 1658 1679 1728 Ἐδὲμ
1711 1676 1815 1729 χω-

235 1750 351 1821 ρὲου
391 1748 829 1819 ἐκπορευόμενος
868 1749 895 1801 ὁ
932 1748 1175 1818 ὀμφαλὸς
1208 1749 1390 1819 ὲμφυῇ
1428 1747 1506 1819 τῷ
1539 1749 1816 1819 γενομένῳ

234 1838 373 1893 κατά
414 1839 477 1891 τὸ
507 1838 893 1909 ἐπιγάστριον,
938 1837 999 1891 ὃν
1038 1837 1236 1902 κοινῶς
1282 1839 1483 1902 πάντες
1534 1855 1815 1908 προσαγο-

236 1938 485 2009 ρεύουσιν
517 1936 761 2007 ὀμφαλὸν
793 1938 929 1991 ⁸⁸η..

1914 678 2044 717 vero
2065 663 2266 718 fortnat
2294 664 2435 719 Deus
2466 665 2518 718 in
2552 673 2709 719 utero
2739 666 2927 720 matris
2954 666 3253 732 hominem,
3288 669 3391 725 hoc
3422 679 3507 725 est

1914 755 1967 809 in
2035 757 2307 825 paradiso,
2360 766 2418 811 ιιι
2468 756 2734 823 dicebam,
2786 766 2906 811 esto
2962 759 3247 827 paradisus
3288 770 3503 824 uterus,

1914 841 2078 897 Edem
2106 854 2283 899 autem
2324 846 2470 915 regio
2511 844 2621 907 illa,
2656 845 2848 899 fluvius
2900 847 3183 916 egrediens
3222 862 3287 902 ex
3336 847 3501 903 Edem

1915 936 1980 989 ad
2027 935 2361 1005 irrigandum
2413 938 2723 1007 paradisum
2765 936 3070 992 umbilicus.
3126 939 3249 1004 Hic,
3305 940 3499 1009 inquit,

1914 1028 2170 1083 dividitur
2214 1028 2498 1084 umbilicus
2541 1030 2592 1083 in
2634 1039 2866 1098 quatuor
2903 1031 3099 1100 capita.
3138 1031 3219 1085 Ab
3276 1041 3504 1100 utraque

1920 1120 2064 1173 enim
2096 1131 2247 1187 parte
2274 1120 2515 1175 umbilici
2560 1137 2681 1190 quae
2713 1130 2839 1174 sunt
2876 1122 3093 1175 arteriae
3131 1121 3287 1191 juxta
3316 1134 3501 1189 tensae,

1917 1211 2134 1267 canales
2177 1213 2419 1282 spiritus,
2457 1224 2511 1267 et
2559 1214 2676 1267 diue
2718 1229 2890 1277 venae,
2933 1214 3153 1268 canales
3199 1214 3501 1284 sanguinis.

1918 1304 2021 1359 Ubi
2065 1314 2266 1369 autem,
2302 1306 2495 1373 inquit,
2532 1320 2595 1358 ex
2630 1304 2792 1358 [idem
2824 1306 3043 1374 regione
3068 1306 3352 1374 egrediens
3382 1321 3490 1358 um-

1918 1394 2109 1450 bilicus
2158 1396 2423 1449 increscet
2460 1397 2697 1449 nascenti
2736 1396 2879 1450 circa
2929 1396 3302 1465 epigaSIrium,
3342 1412 3501 1466 quem

1918 1486 2190 1538 communi
2224 1502 2319 1538 usu
2349 1486 2585 1539 universi
2630 1487 2901 1555 appellant
2948 1488 3260 1541 umbilicum
3302 1527 3318 1542 .
3362 1526 3377 1542 .
3422 1528 3437 1542 .
3485 1527 3499 1541 .

1917 1579 2036 1633 duae
2067 1592 2247 1634 autem
2274 1581 2376 1634 illa:
2424 1597 2593 1646 vena’,
2623 1597 2719 1650 per
2758 1597 2891 1648 quas
2941 1580 3056 1635 ﬂuit
3114 1592 3167 1636 et
3224 1583 3394 1636 fertur
3434 1581 3503 1634 ab

1916 1668 2081 1725 Edem
2136 1673 2351 1740 regione
2404 1673 2621 1742 sanguis
2672 1687 2766 1741 per
2819 1681 3022 1742 portas,
3076 1688 3192 1742 quae
3248 1674 3501 1727 dicuntur

1919 1761 2148 1830 hepatis,
2184 1778 2303 1831 quae
2353 1778 2581 1817 nascens
2634 1763 2825 1830 alunt;
2878 1765 3093 1819 arteria:
3145 1774 3322 1819 autem
3372 1764 3496 1829 illav,

1916 1866 2054 1921 quas
2103 1852 2337 1906 diximus
2382 1854 2595 1909 canales
2636 1868 2759 1909 esse
2806 1856 3102 1925 sanguinis,
3154 1857 3221 1909 ab
3268 1864 3499 1920 utraque

967 1938 1024 1990 αἱ
1057 1936 1113 1989 δὲ
1144 1936 1237 1990 δύο
1268 1937 1483 2007 φλέϐες,
1516 1938 1584 1992 δι’
1623 1932 1697 1991 ὧν
1728 1940 1815 2008 ρεἶ

1917 1953 2068 2014 parte
2094 1944 2352 2014 amplexa:
2379 1947 2612 1999 vesicam
2646 1948 2792 2001 circa
2844 1947 3035 2015 pelvim
3072 1961 3321 2016 magnam
3352 1958 3501 2001 arte-

233 2038 325 2091 καὶ
350 2038 576 2108 φέρεται
599 2036 706 2089 ἀπὸ
724 2036 817 2090 τοῦ
858 2037 1019 2107 Ἐδὲμ
1046 2036 1137 2089 τοῦ
1171 2038 1375 2108 χωρίου
1405 2038 1467 2090 τὸ
1500 2033 1640 2109 αἷμα
1666 2040 1813 2094 κατὰ

1917 2034 2046 2090 riam
2075 2038 2411 2107 contingunt,
2441 2038 2541 2091 hoc
2592 2046 2675 2091 est
2719 2052 2838 2107 quae
2869 2052 2965 2105 per
2990 2038 3206 2091 dorsum
3266 2046 3499 2091 vocatur

233 2127 327 2188 τὰς
364 2124 710 2195 καλουμένας
742 2123 918 2187 πύλας
960 2124 1055 2177 τοῦ
1084 2125 1323 2195 ἥπατος,
1363 2126 1565 2188 αἵτινες
1593 2126 1653 2180 τὸ
1687 2146 1813 2198 γεν-

234 2218 473 2286 νιῖιμενον
512 2216 799 2288 τρέφουσιν
820 2231 836 2245 ·
867 2216 924 2267 αί
952 2215 1006 2267 δὲ
1034 2215 1324 2285 ἀρτηρίαι,
1352 2216 1413 2278 ἃς
1440 2216 1650 2288 ἔφημεν
1687 2220 1811 2289 ὀχε-

1912 2138 2140 2194 aortam,
2176 2138 2227 2183 et
2270 2130 2342 2183 ita
2395 2144 2492 2199 per
2534 2131 2669 2183 ostia
2723 2130 2777 2184 in
2826 2144 2921 2184 cor
2956 2143 3240 2199 permeans
3276 2127 3503 2197 spiritus

1915 2229 2115 2274 tnotnm
2149 2221 2311 2275 elﬁcit
2357 2219 2709 2274 uterinnrum.
2751 2220 2883 2273 Dum
2920 2220 3063 2274 enim
3118 2218 3381 2272 formatur
3422 2218 3500 2271 iu-

232 2312 355 2374 τοὺς
397 2303 539 2362 εἶναι
570 2308 881 2378 πνεύματος
903 2347 918 2370 ,
950 2308 1292 2377 ἑκατέρωθεν
1341 2309 1732 2380 περιλαϐοῦσαι
1760 2313 1806 2344 ⁸⁸

1917 2312 2033 2367 fans
2095 2314 2144 2368 in
2192 2314 2463 2383 paradiso,
2515 2329 2688 2381 neque
2743 2327 2837 2367 ore
2892 2312 3208 2365 alimentum
3273 2310 3496 2380 accipit,

234 2402 327 2471 τὴν
376 2400 569 2454 κύστιν
600 2400 741 2453 κατά
778 2400 839 2453 τδ
876 2400 1046 2452 πλατὺ
1078 2399 1302 2463 ὀστοῦν,
1336 2401 1473 2471 πρὸς
1504 2403 1603 2473 τὴν
1644 2404 1812 2473 μεγά-

234 2491 329 2561 λην
366 2489 731 2543 συνάπτουσιν
765 2490 1031 2560 ἀρτηρίαν
1058 2530 1071 2552 ,
1105 2490 1205 2560 τὴν
1246 2491 1387 2542 κατά
1425 2492 1581 2561 ῥάχιν
1617 2493 1813 2545 καλου-

237 2582 402 2651 μένην
435 2580 671 2650 ἀορτήν,
704 2579 799 2632 καὶ
837 2580 1009 2640 οὕτως
1051 2578 1139 2631 διὰ
1172 2578 1280 2631 τῶν
1334 2580 1669 2652 παραθύρων
1717 2583 1810 2635 ἐπὶ

234 2670 329 2742 τὴν
362 2671 592 2741 καρδίαν
641 2668 864 2723 ὀδεῦσαν
895 2668 957 2721 τὸ
998 2669 1214 2739 πνεῦμα
1264 2670 1479 2740 κίνησιν
1520 2671 1811 2741 ἐργάζεται

233 2760 338 2813 τῶν
371 2759 649 2831 ἐμϐρύων.
702 2758 1079 2829 Πλαττόμενον
1123 2760 1231 2830 γὰρ
1278 2760 1337 2812 τὸ
1378 2760 1576 2829 βρέφος
1627 2765 1683 2815 ὲν
1736 2764 1812 2834 τῷ

234 2853 553 2923 παραδείσῳ
581 2850 704 2904 οὔτε
732 2850 809 2921 τῷ
836 2851 1065 2920 στόματι
1090 2851 1296 2923 τροφὴν
1329 2851 1337 2918 |
1369 2851 1653 2922 λαμϐάνει,
1687 2854 1807 2909 οὔτε

232 2945 349 3008 ταῖς
386 2945 532 3013 ῥισὶν
562 2943 819 2996 ἀναπνέει
842 2960 857 2973 ’
896 2944 954 2996 ὲν
983 2943 1169 3013 ὑγροῖς
1196 2943 1305 3011 γὰρ
1336 2942 1633 3014 ὑπάρχοντι
1664 2946 1811 3017 αύτῷ

1924 2422 2098 2476 neque
2142 2408 2363 2461 naribus
2409 2407 2674 2476 respirat;
2723 2404 2775 2459 in
2809 2404 3041 2459 humidis
3082 2404 3225 2457 enim
3258 2402 3499 2457 versanti

1915 2509 2032 2551 erat
2102 2499 2148 2552 ei
2201 2510 2326 2551 ante
2379 2498 2540 2565 pedes
2598 2513 2744 2552 mors
2798 2497 2841 2551 si
2899 2497 3211 2565 respiraret,
3251 2494 3500 2549 duxisset

1916 2592 2059 2643 enim
2088 2605 2149 2642 ex
2188 2590 2423 2643 humidis
2466 2599 2521 2643 et
2564 2598 2872 2659 peremptus
2917 2597 3078 2641 esset.
3121 2586 3498 2640 Vcrumenim-

1916 2692 2044 2731 vero
2102 2679 2527 2733 eircumvolutus
2577 2690 2655 2733 est
2710 2689 2852 2733 totus
2912 2678 3114 2742 tunica,
3171 2693 3291 2747 quae
3351 2676 3497 2730 dici-

1917 2780 2002 2823 tur
2051 2771 2313 2835 amnium,
2358 2771 2523 2824 alitur
2579 2781 2758 2826 autem
2807 2786 2901 2840 per
2948 2768 3285 2833 umbilicum,
3312 2776 3367 2821 et
3396 2780 3495 2835 per

1918 2859 2211 2928 dorsalem,
2236 2873 2298 2917 ut
2344 2864 2609 2930 dicebam,
2643 2864 2896 2918 arteriam
2942 2863 3071 2932 spiri
3101 2877 3162 2917 us
3209 2860 3494 2915 rssentiam

1916 2954 2132 3024 accipit.

234 3039 384 3111 παρά
415 3039 584 3103 πόδας
621 3033 689 3110 ἦν
736 3040 764 3091 6
802 3038 1030 3099 θάνατος
1071 3039 1119 3091 εί
1157 3038 1524 3091 ἀνέπνευσεν·
1562 3042 1909 3099 ἐπεσπάσατο
1961 3050 2069 3120 γὰρ
2102 3049 2168 3103 ἂν
2225 3050 2334 3105 ἀπὸ
2392 3050 2501 3104 τῶν
2536 3048 2717 3121 ὑγρῶν
2786 3049 2880 3103 καὶ
2914 3048 3147 3119 ἐφθάρη.
3187 3045 3349 3100 Ἀλλὰ
3383 3044 3494 3116 γάρ

233 3135 350 3187 ὅλον
401 3133 824 3203 περιέσφιγκται
866 3130 945 3202 τῷ
994 3130 1314 3202 καλουμένῳ
1364 3132 1550 3203 χιτῶνι
1589 3135 1803 3208 ἀμνίῳ,
1843 3139 2100 3211 τρέφεται
2164 3142 2221 3196 δὲ
2243 3143 2311 3197 δι’
2350 3142 2594 3214 ὀμφαλοῦ
2623 3142 2715 3196 καὶ
2740 3142 2829 3194 διὰ
2897 3143 2995 3211 τῆς
3028 3140 3169 3194 κατά
3200 3140 3391 3211 ῥάχιν,
3417 3137 3494 3189 ὡς

234 3225 389 3298 ἔφην,
422 3225 523 3295 τὴν
548 3224 642 3277 τοῦ
674 3225 983 3295 πνεύματος
1012 3225 1200 3279 ούσίαν
1226 3224 1508 3296 λαμϐάνει.

300 3338 380 3412 [ρ.
420 3338 540 3394 169.
577 3336 722 3410 170]
758 3336 838 3392 ιε’.
887 3338 944 3390 Ὀ
984 3333 1077 3391 οὖν
1109 3340 1385 3410 ποταμὸς,
1434 3342 1634 3412 φησὶν,
1662 3344 1690 3396 6
1724 3344 1812 3397 ὲκ-

1986 3346 2343 3420 246-247
2382 3346 2469 3402 15.
2508 3347 2727 3403 Fluvius
2755 3346 2949 3414 igitur,
2983 3346 3176 3415 inqmt,
3210 3344 3496 3415 egrediens

237 3434 602 3505 πορευόμενος
635 3430 695 3495 ἐξ
736 3429 897 3501 Ἐδὲμ
934 3431 1014 3494 είς
1053 3431 1329 3504 τέσσαρας
1367 3434 1688 3503 ἀφορίζεται
1717 3435 1815 3503 ἀρ-

234 3523 353 3593 χὰς,
378 3522 602 3593 ὀχετοὺς
642 3522 945 3593 τέσσαρας,
991 3522 1271 3577 τουτέστιν
1304 3526 1383 3589 είς
1427 3529 1703 3597 τέσσαρας
1727 3528 1820 3595 ξαί-

238 3613 459 3684 σθήσεις
484 3612 577 3665 τοῦ
605 3614 964 3683 γεννωμένου,
987 3614 1199 3686 ὅρασιν,
1233 3615 1492 3689 ἀκοὴντθ,
1523 3617 1815 3691 ὄσφρησιν,

237 3704 423 3773 γεῦσιν
461 3704 557 3759 καὶ
590 3705 756 3775 ἁφήν.
786 3706 1001 3770 Ταύτας
1023 3708 1129 3778 γὰρ
1158 3706 1271 3778 ἔχει
1306 3708 1472 3779 μόνας
1498 3710 1595 3772 τὰς
1626 3710 1819 3782 alaeq-

239 3808 348 3855 σεις
383 3794 443 3845 ὲν
477 3791 554 3862 τῷ
589 3794 899 3866 παραδείσῳ
931 3795 1307 3865 πλασσόμενον
1342 3798 1402 3849 τὸ
1435 3798 1665 3853 παιδίον.
1711 3793 1816 3853 Οὖ-

235 3903 358 3953 τος,
414 3888 621 3958 φησίν,
671 3890 819 3941 ἐστὶν
861 3891 889 3943 ὀ
922 3890 1112 3960 νόμος.
1156 3890 1215 3943 ὃν
1245 3890 1408 3962 ἔθηκε
1454 3894 1690 3963 Μωσῆς,
1724 3895 1817 3948 καὶ

240 3979 376 4050 πρὸς
405 3978 602 4033 τοῦτον
629 3980 791 4033 αὑτὸν
813 3981 902 4034 τὸν
932 3983 1095 4054 νόμον
1119 3983 1431 4055 γέγραπται
1459 3984 1567 4038 τῶν
1599 3986 1816 4055 βιϐλίων

238 4068 501 4134 ἕκαστον,
554 4071 630 4135 ὡς
673 4073 729 4124 αἱ
770 4072 812 4102 τί
856 4074 1162 4145 ἐπιγραφαὶ
1205 4073 1447 4144 δηλοῦσι.
1488 4076 1562 4129 Τὸ
1602 4077 1818 4147 πρῶτον

238 4159 439 4231 βιϐλίον
471 4161 717 4225 Γένεσις·
754 4164 937 4233 ἤρκει,
964 4166 1119 4235 φησι,
1150 4165 1287 4235 πρὸς
1320 4166 1522 4235 γνῶσιν
1553 4166 1659 4220 τῶν
1680 4168 1818 4221 ὅλων

236 4250 270 4321 ἡ
298 4250 583 4323 ἐπιγραφὴ
622 4251 716 4305 τοῦ
751 4254 977 4322 βιϐλίου.
1022 4254 1169 4325 Αῦτη
1199 4255 1339 4326 γὰρ,
1380 4256 1577 4326 φησὶν,
1611 4257 1757 4309 ἐστὶν
1782 4260 1815 4327 ἡ

236 4340 454 4406 Γένεσις
488 4343 708 4414 ὅρασις,
743 4347 821 4408 είς
862 4346 929 4415 ἢν
964 4344 1282 4417 ἀφορίζεται
1337 4350 1585 4419 ποταμοῦ
1641 4349 1818 4421 σχίσις

235 4435 267 4504 ἠ
316 4435 436 4506 μία.
475 4435 705 4507 Ἐθεάοη
745 4438 852 4510 γὰρ
896 4440 924 4491 6
969 4439 1172 4509 κόσμος
1215 4441 1272 4495 ὲν
1323 4442 1533 4510 ὀράσει.
1588 4443 1651 4496 Ἠ
1695 4446 1815 4498 ἐπι-

236 4526 421 4598 γραφὴ
440 4528 487 4558 τ’
520 4526 723 4598 βιϐλίου
750 4529 1004 4603 δευτέρου
1032 4532 1273 4598 Ἕξοδος.
1311 4534 1457 4587 Ἔδει
1480 4533 1589 4606 γάρ
1618 4534 1677 4588 τὸ
1696 4553 1818 4603 γεν-

237 4616 392 4689 νηθὲν
412 4657 427 4683 ,
460 4619 563 4689 τὴν
602 4620 870 4691 Ἐρυθρὰν
901 4621 1179 4675 διοδεῦσαν
1219 4622 1496 4677 Θάλασσαν
1521 4624 1567 4658 ⁷³
1590 4663 1605 4688 ,
1640 4624 1817 4678 ὲλίιεῖν

1919 3452 1984 3491 ex
2015 3438 2179 3493 Edem
2222 3441 2478 3494 dividitur
2520 3439 2577 3494 in
2608 3448 2840 3509 quatuor
2877 3438 3073 3506 capita,
3109 3436 3325 3491 canales
3356 3452 3495 3505 qua-

1919 3538 2062 3596 tuor,
2101 3532 2204 3586 hoc
2241 3540 2324 3586 est
2355 3532 2406 3586 in
2436 3542 2673 3601 quatuor
2703 3546 2896 3586 sensus
2929 3530 3072 3594 nati,
3105 3530 3312 3594 visum,
3342 3529 3496 3582 audi-

1919 3634 2054 3693 tum,
2097 3626 2353 3682 olfactum
2386 3666 2401 3690 ,
2436 3636 2652 3694 gustum
2676 3634 2731 3680 et
2771 3634 2993 3679 tactum.
3030 3623 3137 3677 llos
3173 3622 3316 3677 enim
3348 3623 3495 3677 solos

1919 3717 2081 3772 habet
2116 3731 2311 3772 sensus
2344 3716 2396 3771 in
2421 3717 2675 3786 paradiso
2704 3715 2964 3784 figuratus
2992 3712 3187 3767 iulans.
3233 3711 3357 3766 liae
3387 3723 3489 3778 εει,

1919 3804 2113 3875 inquit,
2147 3803 2228 3858 lex
2264 3821 2424 3874 quam
2460 3805 2635 3874 posuit
2660 3803 2834 3857 Moses
2867 3811 2921 3856 et
2954 3802 3021 3855 ad
3056 3801 3193 3855 hanc
3220 3801 3389 3870 ipsam
3419 3802 3493 3856 le-

1919 3912 2039 3967 gem
2076 3897 2264 3965 scripti
2304 3907 2429 3952 sunt
2464 3894 2662 3964 singuli
2693 3893 2814 3948 libri
2838 3933 2853 3957 .
2886 3903 2941 3946 ut
2985 3891 3366 3960 inscriptiones
3394 3890 3493 3945 de-

1917 3988 2148 4044 clarant.
2182 3986 2394 4042 Primus
2417 3986 2551 4041 liber
2570 3985 2814 4041 Genesis.
2843 3981 3171 4049 Sulliciebat,
3199 3982 3392 4051 inquit,
3424 3982 3493 4036 ad

1918 4080 2279 4150 cognitionem
2304 4080 2567 4133 universa:
2594 4076 2670 4131 rei
2701 4075 2977 4143 inscriptio
2997 4072 3142 4126 libri.
3170 4071 3293 4126 Haec
3321 4073 3490 4135 enim,

1921 4171 2115 4241 inquit,
2149 4180 2231 4226 est
2265 4168 2491 4224 Genesis
2531 4168 2707 4232 visus,
2756 4167 2806 4220 in
2840 4182 2997 4235 quem
3038 4164 3295 4218 dividitur
3344 4163 3493 4218 ﬂuvii

1918 4260 2088 4316 sectio
2127 4275 2250 4313 una.
2279 4258 2610 4327 Conspectus
2645 4256 2786 4310 enim
2811 4265 2891 4309 est
2917 4255 3150 4308 mundus
3180 4269 3273 4322 per
3295 4252 3490 4308 visum.

1920 4350 2211 4421 Inscriptio
2252 4365 2438 4404 rursus
2486 4347 2708 4402 alterius
2767 4346 2886 4400 libri
2930 4345 3166 4401 Exodus.
3200 4342 3495 4412 Oportebat

1919 4441 2061 4497 enim
2090 4440 2138 4493 id
2161 4439 2301 4508 quod
2320 4448 2504 4491 natum
2538 4446 2657 4492 erat
2687 4446 2964 4507 permeato
2993 4435 3131 4489 mari
3159 4432 3344 4488 Rubro
3370 4447 3495 4501 per-

1920 4532 2105 4587 venire
2141 4532 2194 4586 in
2227 4531 2494 4585 desertum
2531 4528 2702 4599 (mare
2729 4526 2969 4581 Rubrum
3000 4536 3201 4590 autem,
3222 4523 3490 4593 inquiunt,

1920 4626 2052 4681 dicit
2072 4620 2427 4695 sanguinem)
2455 4630 2507 4676 et
2532 4630 2748 4692 gustare
2776 4633 3015 4674 amaram
3042 4630 3256 4685 aquam.
3293 4615 3490 4667 Amara

236 4711 327 4765 ιπι
351 4712 452 4784 τὴν
484 4711 687 4783 ἔρημον
710 4715 1009 4786 (Ἐρυθρὰν
1037 4716 1094 4769 δὲ
1124 4701 1307 4787 λέγει,
1338 4718 1505 4787 φασὶ,
1538 4718 1599 4771 τδ
1627 4712 1810 4789 αἷμα),

1917 4721 2079 4784 enim,
2116 4716 2306 4785 inquit.
2342 4725 2425 4770 est
2449 4728 2613 4783 aqua.
2637 4727 2756 4782 quae
2788 4720 2870 4767 est
2900 4718 3021 4779 post
3050 4721 3199 4762 mare
3222 4705 3489 4770 Rubrum,

230 4794 326 4855 καὶ
347 4803 649 4871 γεύσασθαι
684 4805 881 4876 πικρὸν
905 4805 1067 4877 ὕδωρ.
1099 4808 1299 4879 Πικρδν
1324 4810 1451 4880 γὰρ,
1481 4810 1664 4880 φησὶν,
1695 4811 1811 4864 ἐστὶ

234 4890 292 4944 τὸ
320 4889 468 4962 ὕδωρ
493 4892 554 4944 τὸ
585 4892 723 4963 μετὰ
756 4896 856 4965 τὴν
899 4894 1167 4968 Ἐρυθρὰν
1201 4896 1505 4964 Θάλασσαν,
1535 4901 1672 4970 ὅπερ
1718 4901 1809 4952 ἐσ-

235 4984 314 5035 τὶν
343 4982 461 5047 όδδς
496 4984 595 5054 τῆς
628 4985 770 5039 κατά
811 4988 902 5039 τὸν
942 4987 1055 5057 βίον
1086 4987 1338 5057 γνώσεως
1382 4990 1491 5043 τῶν
1534 4992 1808 5045 ἐπιπόνων

236 5074 527 5147 ὀδευομένη
558 5078 673 5147 ⁸καὶ
725 5079 956 5149 πικρῶν.
994 5079 1240 5151 Στραφὲν
1269 5080 1325 5134 δὲ
1369 5080 1474 5134 ὑπὸ
1524 5083 1765 5146 Μωσέως
1790 5123 1806 5148 ,

1918 4826 2038 4882 quae
2076 4811 2292 4880 quidem
2335 4819 2412 4863 est
2450 4807 2590 4877 quod
2620 4804 2903 4860 conﬁcitur
2938 4802 3038 4856 iter
3078 4814 3172 4868 per
3204 4797 3367 4851 vitam
3399 4808 3493 4850 co'

1917 4900 2174 4970 gnitiouis
2212 4911 2655 4954 aerumnosorum
2704 4904 2756 4949 et
2785 4906 3119 4947 amararum.
3150 4890 3483 4944 Conversuiu

1917 5001 2094 5046 autem
2128 5006 2156 5044 a
2184 4991 2349 5055 Mose,
2381 4991 2479 5044 hoc
2506 4996 2589 5044 est
2635 5002 2664 5040 a
2694 4986 2832 5056 logo,
2868 4999 3109 5039 amarum
3141 4981 3269 5036 illud
3296 4980 3487 5036 evadet

1917 5085 2093 5139 dulce.
2129 5082 2198 5137 Et
2227 5083 2339 5137 haec
2368 5082 2441 5137 ita
2468 5097 2527 5137 se
2558 5080 2761 5135 habere
2788 5078 2944 5148 vulgo
2970 5077 3095 5133 licet
3127 5075 3195 5131 ab
3225 5072 3491 5161 universis

1511 5277 1746 5334 VARIA'J
1786 5277 2198 5335 LECTIONES.

310 5437 353 5527 1’
375 5436 657 5521 Fort.'cl'r.
682 5435 949 5527 15:63:11.3,
985 5436 1019 5491 5
1048 5455 1061 5491 :
1095 5437 1211 5527 ῐίρδ
1234 5435 1336 5527 τοῦ,
1355 5453 1423 5508 με
1444 5436 1649 5527 eadem
1685 5456 1745 5492 σε
1771 5438 2075 5527 ἐγκοίλια,
2120 5436 2543 5527 “6,3160qu
2564 5505 2581 5527 ι
2617 5435 2663 5468 ⁸⁸
2688 5436 2771 5491 Cf.
2799 5434 2981 5527 thos.
3019 5449 3081 5499 ιι,
3110 5432 3174 5527 1.9
3196 5452 3209 5487 :
3235 5431 3491 5527 Ηοξαρξτς

240 5505 294 5559 δὲ
322 5506 680 5578 ἐκπορεύεται
709 5508 766 5573 ἐξ
810 5507 921 5561 Ἐδὲ
1013 5505 1251 5570 ποτίζειν
1285 5505 1376 5562 τὸν
1400 5509 1730 5578 παράδεισον
1754 5526 1769 5539 θ
1803 5505 2021 5563 ἐκεῖθεν
2052 5508 2368 5577 ἀφορίζεται
2416 5510 2496 5571 είς
2524 5505 2793 5576 τέσσαρας
2823 5508 2855 5559 ἀ
2897 5506 3016 5575 χάς.

243 5576 285 5607 ⁸⁸
315 5577 797 5632 παρατεταγμέναι
824 5578 887 5632 C.
1069 5579 1110 5609 ⁵⁷
1144 5578 1739 5632 Ἔπειτα-ἐμφύεται
1772 5581 1925 5632 signo
1957 5580 2160 5632 lacuna:
2186 5578 2389 5632 omisso
2419 5594 2566 5632 susn.
2600 5576 2805 5631 Christ.
2837 5524 3016 5630 [feters

977 5620 991 5644 ,
1069 5579 1110 5609 ⁵⁷
1144 5576 1739 5647 Ἔπειτα-ἐμφύεται
1772 5581 1925 5648 signo
1957 5576 2171 5633 lacuna:
2186 5578 2389 5648 omisso
2419 5594 2566 5647 susp.
2600 5576 2805 5648 Christ.

236 5576 285 5637 ,“
315 5576 797 5647 παρατεταγμέναι
824 5578 887 5640 C,

246 5648 298 5698 in
329 5645 589 5716 Hippocr.
626 5645 701 5700 De
739 5648 998 5703 Alimenta
1023 5665 1077 5716 p.
1106 5648 1212 5702 290
1238 5650 1322 5703 ed.
1350 5645 1538 5704 Churi.
1560 5645 1646 5709 vi,

246 5665 298 5698 ιιι
329 5665 589 5716 utppocr.
626 5665 701 5700 ue
739 5665 998 5703 Alimenta
1064 5690 1077 5703 .

245 5732 405 5784 quam
439 5726 561 5785 post
581 5718 958 5787 ἐπιγάστριον,
991 5665 1080 5773 ιιῗή

234 5793 352 5860 ἱιιιε.
396 5787 815 5860 ""pelendum
848 5787 1037 5858 ἀκοὴν,
1090 5799 1145 5841 ιιι
1171 5803 1233 5860 ex
1264 5787 1612 5860 sequentibus
1654 5787 1856 5859 liquido
1896 5788 2257 5860 apparet‘tM;

3120 5504 3164 5535 “
3192 5500 3404 5567 ποτίζει
3424 5502 3487 5555 C.

2879 5574 3111 5640 etersen,
3135 5574 3256 5630 coll.
3284 5574 3490 5628 Caleno

1685 5665 1738 5717 p.
1768 5645 1869 5704 387
1900 5648 2081 5703 ΚᾶΙιη.
2118 5664 2209 5703 xv.
2285 5646 2329 5678 ⁸⁸
2362 5645 2985 5717 Signavimuslacunam
3018 5647 3118 5717 hoc
3141 5645 3488 5717 potius‘loco

1114 5716 1186 5771 Μ.
1266 5719 1310 5749 ⁸³
1340 5712 1755 5788 περιλαϐοῦσαι.
1779 5720 1878 5789 μὲν
1898 5718 2187 5789 λαϐοῦσαιί
2203 5717 2268 5789 C,
2299 5712 2660 5771 συλλαϐοῦσαι
2686 5716 2758 5783 Μ,
2795 5712 3192 5789 μεταλαϐοῦσὰι
3224 5714 3288 5768 ἢ.
3330 5712 3487 5789 δεοιῖ

2297 5789 2439 5856 quod
2488 5801 2645 5841 secus
2671 5798 2770 5842 est.
2795 5782 2807 5787 ⁷
2844 5788 2887 5817 ⁷¹
2922 5788 2977 5839 αί
3004 5795 3141 5856 ante
3178 5782 3485 5856 ἐπιγραφαὶ

236 5838 359 5916 iam;
387 5855 452 5921 c,
484 5838 1609 5931 ιῐῖ’ίῖίιιξτὲιίρἔῴήζλῖγρᾇῖρὴᾜζλξ
1630 5838 2217 5930 ὲὲἶξρἆέρῆζῦξρἷιιῗ
2244 5838 2439 5912 ⁷⁷³³⁷0⁷ιῖ
2458 5838 2769 5913 enim
2800 5838 2937 5913 Mos.
2965 5871 3056 5921 xv,
3089 5838 3284 5909 29-26.
