  <div class='ocr_page' id='page_1' title='image "/cluster/home/n/w/nwhite01/storage/ocr_20150623/16:3/hvd.32044019207687/443.png"; bbox 0 0 4070 6510; ppageno 0'>
   <div class='ocr_carea' id='block_1_1' title="bbox 579 433 3819 525">
    <p class='ocr_par' dir='ltr' id='par_1_1' title="bbox 579 433 3819 525">
     <span class='ocr_line' id='line_1_1' title="bbox 579 433 3819 525; baseline -0.003 -21"><span class='ocrx_word' id='word_1_1' title='bbox 579 452 716 525; x_wconf 64' lang='lat'><strong><em>3221</em></strong></span> <span class='ocrx_word' id='word_1_2' title='bbox 2020 435 2393 499; x_wconf 78' lang='lat' dir='ltr'><strong><em>‘ORIGENIS</em></strong></span> <span class='ocrx_word' id='word_1_3' title='bbox 3691 433 3819 503; x_wconf 60' lang='grc' dir='ltr'><strong><em>δερ</em></strong></span> 
     </span>
    </p>
   </div>
   <div class='ocr_carea' id='block_1_2' title="bbox 584 542 2173 645">
    <p class='ocr_par' dir='ltr' id='par_1_2' title="bbox 584 552 2162 645">
     <span class='ocr_line' id='line_1_2' title="bbox 584 552 2162 645; baseline -0.015 -20"><span class='ocrx_word' id='word_1_4' title='bbox 584 588 701 645; x_wconf 76' lang='lat' dir='ltr'><strong><em>qua:</em></strong></span> <span class='ocrx_word' id='word_1_5' title='bbox 729 566 920 623; x_wconf 86' lang='lat' dir='ltr'><strong><em>scribo.</em></strong></span> <span class='ocrx_word' id='word_1_6' title='bbox 944 562 1234 630; x_wconf 77' lang='lat' dir='ltr'><strong><em>Scriptura</em></strong></span> <span class='ocrx_word' id='word_1_7' title='bbox 1258 559 1461 611; x_wconf 78' lang='lat' dir='ltr'><strong><em>hwcce:</em></strong></span> <span class='ocrx_word' id='word_1_8' title='bbox 1486 556 1590 609; x_wconf 87' lang='lat' dir='ltr'><strong><em>duo</em></strong></span> <span class='ocrx_word' id='word_1_9' title='bbox 1611 565 1729 607; x_wconf 90' lang='lat' dir='ltr'><strong><em>sunt</em></strong></span> <span class='ocrx_word' id='word_1_10' title='bbox 1762 553 1993 606; x_wconf 87' lang='lat' dir='ltr'><strong><em>turiones</em></strong></span> <span class='ocrx_word' id='word_1_11' title='bbox 2025 552 2162 605; x_wconf 90' lang='lat' dir='ltr'><strong><em>inter</em></strong></span> 
     </span>
    </p>
   </div>
   <div class='ocr_carea' id='block_1_3' title="bbox 2276 542 3816 645">
    <p class='ocr_par' dir='ltr' id='par_1_3' title="bbox 2276 542 3816 617">
     <span class='ocr_line' id='line_1_3' title="bbox 2276 542 3816 617; baseline -0.007 -15"><span class='ocrx_word' id='word_1_12' title='bbox 2276 546 2486 617; x_wconf 68' lang='grc' dir='ltr'><em>ιφὰφω.</em></span> <span class='ocrx_word' id='word_1_13' title='bbox 2537 543 2609 599; x_wconf 87' lang='grc' dir='ltr'><strong><em>Τὸ</em></strong></span> <span class='ocrx_word' id='word_1_14' title='bbox 2647 542 2881 614; x_wconf 74' lang='grc' dir='ltr'><strong><em>γράμμα</em></strong></span> <span class='ocrx_word' id='word_1_15' title='bbox 2913 544 3118 598; x_wconf 85' lang='grc' dir='ltr'><em>τοῦτο·</em></span> <span class='ocrx_word' id='word_1_16' title='bbox 3160 544 3269 599; x_wconf 80' lang='grc' dir='ltr'><strong><em>δύο</em></strong></span> <span class='ocrx_word' id='word_1_17' title='bbox 3300 542 3416 598; x_wconf 75' lang='grc' dir='ltr'><em>εἶσὶ</em></span> <span class='ocrx_word' id='word_1_18' title='bbox 3454 543 3816 613; x_wconf 70' lang='grc' dir='ltr'><em>παραφνάδες</em></span> 
     </span>
    </p>
   </div>
   <div class='ocr_carea' id='block_1_4' title="bbox 585 641 2160 720">
    <p class='ocr_par' dir='ltr' id='par_1_4' title="bbox 585 641 2160 720">
     <span class='ocr_line' id='line_1_4' title="bbox 585 641 2160 720; baseline -0.013 -5"><span class='ocrx_word' id='word_1_19' title='bbox 585 641 859 715; x_wconf 80' lang='lat' dir='ltr'><strong><em>uniuersos</em></strong></span> <span class='ocrx_word' id='word_1_20' title='bbox 890 667 1059 707; x_wconf 70' lang='lat' dir='ltr'><strong><em>(tones</em></strong></span> <span class='ocrx_word' id='word_1_21' title='bbox 1086 690 1101 716; x_wconf 95' lang='lat'><strong><em>,</em></strong></span> <span class='ocrx_word' id='word_1_22' title='bbox 1134 650 1223 717; x_wconf 89' lang='lat' dir='ltr'><strong><em>qui</em></strong></span> <span class='ocrx_word' id='word_1_23' title='bbox 1263 662 1426 717; x_wconf 88' lang='lat' dir='ltr'><strong><em>neque</em></strong></span> <span class='ocrx_word' id='word_1_24' title='bbox 1454 643 1776 720; x_wconf 73' lang='lat' dir='ltr'><strong><em>principium</em></strong></span> <span class='ocrx_word' id='word_1_25' title='bbox 1811 658 1974 711; x_wconf 87' lang='lat' dir='ltr'><strong><em>neque</em></strong></span> <span class='ocrx_word' id='word_1_26' title='bbox 2004 641 2160 709; x_wconf 83' lang='lat' dir='ltr'><strong><em>ﬁnem</em></strong></span> 
     </span>
    </p>
   </div>
   <div class='ocr_carea' id='block_1_5' title="bbox 584 734 2165 811">
    <p class='ocr_par' dir='ltr' id='par_1_5' title="bbox 584 734 2165 811">
     <span class='ocr_line' id='line_1_5' title="bbox 584 734 2165 811; baseline -0.013 -5"><span class='ocrx_word' id='word_1_27' title='bbox 584 751 797 811; x_wconf 88' lang='lat' dir='ltr'><strong><em>habent,</em></strong></span> <span class='ocrx_word' id='word_1_28' title='bbox 820 762 885 799; x_wconf 79' lang='lat' dir='ltr'><strong><em>ea:</em></strong></span> <span class='ocrx_word' id='word_1_29' title='bbox 914 758 1018 797; x_wconf 88' lang='lat' dir='ltr'><strong><em>una</em></strong></span> <span class='ocrx_word' id='word_1_30' title='bbox 1042 742 1236 803; x_wconf 77' lang='lat' dir='ltr'><strong><em>radice,</em></strong></span> <span class='ocrx_word' id='word_1_31' title='bbox 1259 754 1377 809; x_wconf 77' lang='lat' dir='ltr'><strong><em>qua:</em></strong></span> <span class='ocrx_word' id='word_1_32' title='bbox 1404 738 1611 808; x_wconf 91' lang='lat' dir='ltr'><strong><em>quidem</em></strong></span> <span class='ocrx_word' id='word_1_33' title='bbox 1638 745 1865 805; x_wconf 75' lang='lat' dir='ltr'><strong><em>potestas</em></strong></span> <span class='ocrx_word' id='word_1_34' title='bbox 1898 743 1972 788; x_wconf 79' lang='lat' dir='ltr'><strong><em>est</em></strong></span> <span class='ocrx_word' id='word_1_35' title='bbox 2004 734 2165 787; x_wconf 87' lang='lat' dir='ltr'><strong><em>silen-</em></strong></span> 
     </span>
    </p>
   </div>
   <div class='ocr_carea' id='block_1_6' title="bbox 586 823 2163 897">
    <p class='ocr_par' dir='ltr' id='par_1_6' title="bbox 586 823 2163 897">
     <span class='ocr_line' id='line_1_6' title="bbox 586 823 2163 897; baseline -0.014 -3"><span class='ocrx_word' id='word_1_36' title='bbox 586 840 719 894; x_wconf 87' lang='lat' dir='ltr'><strong><em>tium</em></strong></span> <span class='ocrx_word' id='word_1_37' title='bbox 752 832 1008 888; x_wconf 72' lang='lat' dir='ltr'><strong><em>invisibile</em></strong></span> <span class='ocrx_word' id='word_1_38' title='bbox 1032 871 1047 896; x_wconf 96' lang='lat'><strong><em>,</em></strong></span> <span class='ocrx_word' id='word_1_39' title='bbox 1103 827 1616 897; x_wconf 84' lang='lat' dir='ltr'><strong><em>incomprehensibile</em></strong></span> <span class='ocrx_word' id='word_1_40' title='bbox 1651 868 1666 893; x_wconf 94' lang='lat'><strong><em>,</em></strong></span> <span class='ocrx_word' id='word_1_41' title='bbox 1714 841 1935 896; x_wconf 88' lang='lat' dir='ltr'><strong><em>quorum</em></strong></span> <span class='ocrx_word' id='word_1_42' title='bbox 1966 823 2163 893; x_wconf 75' lang='lat'><strong>252-</strong></span> 
     </span>
    </p>
   </div>
   <div class='ocr_carea' id='block_1_7' title="bbox 586 917 2164 1000">
    <p class='ocr_par' dir='ltr' id='par_1_7' title="bbox 586 917 2164 1000">
     <span class='ocr_line' id='line_1_7' title="bbox 586 917 2164 1000; baseline -0.011 -16"><span class='ocrx_word' id='word_1_43' title='bbox 586 929 751 1000; x_wconf 69' lang='lat'><strong><em>253</em></strong></span> <span class='ocrx_word' id='word_1_44' title='bbox 780 927 913 979; x_wconf 90' lang='lat' dir='ltr'><strong><em>alter</em></strong></span> <span class='ocrx_word' id='word_1_45' title='bbox 936 931 1159 992; x_wconf 86' lang='lat' dir='ltr'><strong><em>apparet</em></strong></span> <span class='ocrx_word' id='word_1_46' title='bbox 1196 935 1438 988; x_wconf 88' lang='lat' dir='ltr'><strong><em>superne,</em></strong></span> <span class='ocrx_word' id='word_1_47' title='bbox 1471 934 1590 988; x_wconf 73' lang='lat' dir='ltr'><strong><em>qua:</em></strong></span> <span class='ocrx_word' id='word_1_48' title='bbox 1626 917 1836 987; x_wconf 87' lang='lat' dir='ltr'><strong><em>quidem</em></strong></span> <span class='ocrx_word' id='word_1_49' title='bbox 1865 928 1939 970; x_wconf 91' lang='lat' dir='ltr'><strong><em>est</em></strong></span> <span class='ocrx_word' id='word_1_50' title='bbox 1971 932 2164 985; x_wconf 85' lang='lat' dir='ltr'><strong><em>magna</em></strong></span> 
     </span>
    </p>
   </div>
   <div class='ocr_carea' id='block_1_8' title="bbox 584 1007 2162 1090">
    <p class='ocr_par' dir='ltr' id='par_1_8' title="bbox 584 1007 2162 1090">
     <span class='ocr_line' id='line_1_8' title="bbox 584 1007 2162 1090; baseline -0.012 -14"><span class='ocrx_word' id='word_1_51' title='bbox 584 1028 852 1090; x_wconf 88' lang='lat' dir='ltr'><strong><em>potestas,</em></strong></span> <span class='ocrx_word' id='word_1_52' title='bbox 906 1030 1049 1069; x_wconf 88' lang='lat' dir='ltr'><strong><em>mens</em></strong></span> <span class='ocrx_word' id='word_1_53' title='bbox 1079 1012 1476 1073; x_wconf 82' lang='lat' dir='ltr'><strong><em>universorum,</em></strong></span> <span class='ocrx_word' id='word_1_54' title='bbox 1540 1008 1916 1061; x_wconf 87' lang='lat' dir='ltr'><strong><em>administrans</em></strong></span> <span class='ocrx_word' id='word_1_55' title='bbox 1966 1007 2162 1072; x_wconf 86' lang='lat' dir='ltr'><strong><em>omnia,</em></strong></span> 
     </span>
    </p>
   </div>
   <div class='ocr_carea' id='block_1_9' title="bbox 586 1096 2164 1182">
    <p class='ocr_par' dir='ltr' id='par_1_9' title="bbox 586 1096 2164 1182">
     <span class='ocr_line' id='line_1_9' title="bbox 586 1096 2164 1182; baseline -0.012 -16"><span class='ocrx_word' id='word_1_56' title='bbox 586 1125 772 1182; x_wconf 84' lang='lat' dir='ltr'><strong><em>genere</em></strong></span> <span class='ocrx_word' id='word_1_57' title='bbox 796 1104 1077 1168; x_wconf 85' lang='lat' dir='ltr'><strong><em>mascula;</em></strong></span> <span class='ocrx_word' id='word_1_58' title='bbox 1128 1104 1263 1156; x_wconf 89' lang='lat' dir='ltr'><strong><em>alter</em></strong></span> <span class='ocrx_word' id='word_1_59' title='bbox 1312 1111 1489 1153; x_wconf 87' lang='lat' dir='ltr'><strong><em>autent</em></strong></span> <span class='ocrx_word' id='word_1_60' title='bbox 1535 1098 1764 1167; x_wconf 81' lang='lat' dir='ltr'><strong><em>inferne,</em></strong></span> <span class='ocrx_word' id='word_1_61' title='bbox 1820 1096 2164 1165; x_wconf 85' lang='lat' dir='ltr'><strong><em>intelligentia</em></strong></span> 
     </span>
    </p>
   </div>
   <div class='ocr_carea' id='block_1_10' title="bbox 586 1186 2165 1275">
    <p class='ocr_par' dir='ltr' id='par_1_10' title="bbox 586 1186 2165 1275">
     <span class='ocr_line' id='line_1_10' title="bbox 586 1186 2165 1275; baseline -0.013 -16"><span class='ocrx_word' id='word_1_62' title='bbox 586 1220 804 1275; x_wconf 89' lang='lat' dir='ltr'><strong><em>magna,</em></strong></span> <span class='ocrx_word' id='word_1_63' title='bbox 831 1214 1013 1271; x_wconf 87' lang='lat' dir='ltr'><strong><em>genere</em></strong></span> <span class='ocrx_word' id='word_1_64' title='bbox 1037 1197 1288 1267; x_wconf 88' lang='lat' dir='ltr'><strong><em>feminea,</em></strong></span> <span class='ocrx_word' id='word_1_65' title='bbox 1314 1194 1529 1263; x_wconf 87' lang='lat' dir='ltr'><strong><em>gignens</em></strong></span> <span class='ocrx_word' id='word_1_66' title='bbox 1558 1191 1755 1244; x_wconf 88' lang='lat' dir='ltr'><strong><em>omnia.</em></strong></span> <span class='ocrx_word' id='word_1_67' title='bbox 1783 1186 1931 1242; x_wconf 86' lang='lat' dir='ltr'><strong><em>Unde</em></strong></span> <span class='ocrx_word' id='word_1_68' title='bbox 1954 1203 2165 1256; x_wconf 87' lang='lat' dir='ltr'><strong><em>respon-</em></strong></span> 
     </span>
    </p>
   </div>
   <div class='ocr_carea' id='block_1_11' title="bbox 588 1276 2167 1355">
    <p class='ocr_par' dir='ltr' id='par_1_11' title="bbox 588 1276 2167 1355">
     <span class='ocr_line' id='line_1_11' title="bbox 588 1276 2167 1355; baseline -0.013 -4"><span class='ocrx_word' id='word_1_69' title='bbox 588 1297 771 1351; x_wconf 82' lang='lat' dir='ltr'><strong><em>dentes</em></strong></span> <span class='ocrx_word' id='word_1_70' title='bbox 806 1292 905 1346; x_wconf 90' lang='lat' dir='ltr'><strong><em>sibi</em></strong></span> <span class='ocrx_word' id='word_1_71' title='bbox 945 1289 1166 1343; x_wconf 80' lang='lat' dir='ltr'><strong><em>invicem</em></strong></span> <span class='ocrx_word' id='word_1_72' title='bbox 1197 1285 1504 1355; x_wconf 89' lang='lat' dir='ltr'><strong><em>conjugium</em></strong></span> <span class='ocrx_word' id='word_1_73' title='bbox 1537 1282 1726 1335; x_wconf 83' lang='lat' dir='ltr'><strong><em>habent</em></strong></span> <span class='ocrx_word' id='word_1_74' title='bbox 1751 1289 1802 1334; x_wconf 88' lang='lat' dir='ltr'><strong><em>et</em></strong></span> <span class='ocrx_word' id='word_1_75' title='bbox 1831 1278 2059 1333; x_wconf 90' lang='lat' dir='ltr'><strong><em>mediam</em></strong></span> <span class='ocrx_word' id='word_1_76' title='bbox 2091 1276 2167 1331; x_wconf 84' lang='lat' dir='ltr'><strong><em>di-</em></strong></span> 
     </span>
    </p>
   </div>
   <div class='ocr_carea' id='block_1_12' title="bbox 588 1368 2167 1445">
    <p class='ocr_par' dir='ltr' id='par_1_12' title="bbox 588 1368 2167 1445">
     <span class='ocr_line' id='line_1_12' title="bbox 588 1368 2167 1445; baseline -0.012 -6"><span class='ocrx_word' id='word_1_77' title='bbox 588 1384 842 1439; x_wconf 84' lang='lat' dir='ltr'><strong><em>stantiam</em></strong></span> <span class='ocrx_word' id='word_1_78' title='bbox 867 1378 1231 1445; x_wconf 89' lang='lat' dir='ltr'><strong><em>manifestant,</em></strong></span> <span class='ocrx_word' id='word_1_79' title='bbox 1264 1390 1437 1427; x_wconf 88' lang='lat' dir='ltr'><strong><em>aerem</em></strong></span> <span class='ocrx_word' id='word_1_80' title='bbox 1458 1368 2049 1439; x_wconf 85' lang='lat' dir='ltr'><strong><em>incomprehensibilem,</em></strong></span> <span class='ocrx_word' id='word_1_81' title='bbox 2078 1383 2167 1421; x_wconf 77' lang='lat' dir='ltr'><strong><em>ne-</em></strong></span> 
     </span>
    </p>
   </div>
   <div class='ocr_carea' id='block_1_13' title="bbox 494 1460 2164 1543">
    <p class='ocr_par' dir='ltr' id='par_1_13' title="bbox 494 1460 2164 1543">
     <span class='ocr_line' id='line_1_13' title="bbox 494 1460 2164 1543; baseline -0.01 -15"><span class='ocrx_word' id='word_1_82' title='bbox 494 1488 499 1511; x_wconf 78' lang='grc' dir='ltr'><strong><em>τ</em></strong></span> <span class='ocrx_word' id='word_1_83' title='bbox 587 1491 688 1543; x_wconf 80' lang='lat' dir='ltr'><strong><em>que</em></strong></span> <span class='ocrx_word' id='word_1_84' title='bbox 717 1471 1036 1542; x_wconf 81' lang='lat' dir='ltr'><strong><em>principium</em></strong></span> <span class='ocrx_word' id='word_1_85' title='bbox 1066 1482 1229 1536; x_wconf 89' lang='lat' dir='ltr'><strong><em>neque</em></strong></span> <span class='ocrx_word' id='word_1_86' title='bbox 1262 1466 1421 1533; x_wconf 80' lang='lat' dir='ltr'><strong><em>finem</em></strong></span> <span class='ocrx_word' id='word_1_87' title='bbox 1459 1462 1755 1516; x_wconf 81' lang='lat' dir='ltr'><strong><em>habentem.</em></strong></span> <span class='ocrx_word' id='word_1_88' title='bbox 1782 1464 1846 1515; x_wconf 86' lang='lat' dir='ltr'><strong><em>In</em></strong></span> <span class='ocrx_word' id='word_1_89' title='bbox 1867 1460 1963 1513; x_wconf 90' lang='lat' dir='ltr'><strong><em>hoc</em></strong></span> <span class='ocrx_word' id='word_1_90' title='bbox 1990 1470 2164 1513; x_wconf 90' lang='lat' dir='ltr'><strong><em>autem</em></strong></span> 
     </span>
    </p>
   </div>
   <div class='ocr_carea' id='block_1_14' title="bbox 515 1553 2167 1632">
    <p class='ocr_par' dir='ltr' id='par_1_14' title="bbox 515 1553 2167 1632">
     <span class='ocr_line' id='line_1_14' title="bbox 515 1553 2167 1632; baseline -0.01 -12"><span class='ocrx_word' id='word_1_91' title='bbox 515 1590 522 1596; x_wconf 89' lang='lat'><strong><em>-</em></strong></span> <span class='ocrx_word' id='word_1_92' title='bbox 588 1566 773 1628; x_wconf 81' lang='lat' dir='ltr'><strong><em>Pater,</em></strong></span> <span class='ocrx_word' id='word_1_93' title='bbox 822 1562 911 1632; x_wconf 88' lang='lat' dir='ltr'><strong><em>qui</em></strong></span> <span class='ocrx_word' id='word_1_94' title='bbox 961 1560 1181 1615; x_wconf 84' lang='lat' dir='ltr'><strong><em>sustinet</em></strong></span> <span class='ocrx_word' id='word_1_95' title='bbox 1213 1558 1390 1610; x_wconf 89' lang='lat' dir='ltr'><strong><em>omnia</em></strong></span> <span class='ocrx_word' id='word_1_96' title='bbox 1424 1564 1475 1609; x_wconf 93' lang='lat' dir='ltr'><strong><em>et</em></strong></span> <span class='ocrx_word' id='word_1_97' title='bbox 1508 1554 1601 1608; x_wconf 88' lang='lat' dir='ltr'><strong><em>alit</em></strong></span> <span class='ocrx_word' id='word_1_98' title='bbox 1628 1570 1747 1621; x_wconf 75' lang='lat' dir='ltr'><strong><em>qua:</em></strong></span> <span class='ocrx_word' id='word_1_99' title='bbox 1772 1553 2085 1621; x_wconf 81' lang='lat' dir='ltr'><strong><em>principium</em></strong></span> <span class='ocrx_word' id='word_1_100' title='bbox 2119 1561 2167 1604; x_wconf 89' lang='lat' dir='ltr'><strong><em>et</em></strong></span> 
     </span>
    </p>
   </div>
   <div class='ocr_carea' id='block_1_15' title="bbox 502 1644 2167 1729">
    <p class='ocr_par' dir='ltr' id='par_1_15' title="bbox 502 1644 2167 1729">
     <span class='ocr_line' id='line_1_15' title="bbox 502 1644 2167 1729; baseline -0.008 -19"><span class='ocrx_word' id='word_1_101' title='bbox 502 1666 517 1729; x_wconf 71' lang='grc' dir='ltr'><em>ς</em></span> <span class='ocrx_word' id='word_1_102' title='bbox 587 1656 747 1725; x_wconf 86' lang='lat' dir='ltr'><strong><em>finem</em></strong></span> <span class='ocrx_word' id='word_1_103' title='bbox 782 1653 994 1707; x_wconf 84' lang='lat' dir='ltr'><strong><em>habent.</em></strong></span> <span class='ocrx_word' id='word_1_104' title='bbox 1029 1649 1133 1704; x_wconf 82' lang='lat' dir='ltr'><strong><em>Hic</em></strong></span> <span class='ocrx_word' id='word_1_105' title='bbox 1163 1659 1236 1703; x_wconf 92' lang='lat' dir='ltr'><strong><em>est</em></strong></span> <span class='ocrx_word' id='word_1_106' title='bbox 1266 1648 1353 1715; x_wconf 88' lang='lat' dir='ltr'><strong><em>qui</em></strong></span> <span class='ocrx_word' id='word_1_107' title='bbox 1378 1655 1508 1711; x_wconf 86' lang='lat' dir='ltr'><strong><em>stat,</em></strong></span> <span class='ocrx_word' id='word_1_108' title='bbox 1534 1648 1698 1711; x_wconf 89' lang='lat' dir='ltr'><strong><em>stetit,</em></strong></span> <span class='ocrx_word' id='word_1_109' title='bbox 1728 1644 1909 1708; x_wconf 84' lang='lat' dir='ltr'><strong><em>stabit,</em></strong></span> <span class='ocrx_word' id='word_1_110' title='bbox 1939 1652 2167 1713; x_wconf 81' lang='lat' dir='ltr'><strong><em>potestas</em></strong></span> 
     </span>
    </p>
   </div>
   <div class='ocr_carea' id='block_1_16' title="bbox 586 1735 2170 1811">
    <p class='ocr_par' dir='ltr' id='par_1_16' title="bbox 586 1735 2170 1811">
     <span class='ocr_line' id='line_1_16' title="bbox 586 1735 2170 1811; baseline -0.009 -10"><span class='ocrx_word' id='word_1_111' title='bbox 586 1763 702 1801; x_wconf 84' lang='lat' dir='ltr'><strong><em>mas</em></strong></span> <span class='ocrx_word' id='word_1_112' title='bbox 730 1743 892 1799; x_wconf 82' lang='lat' dir='ltr'><strong><em>simul</em></strong></span> <span class='ocrx_word' id='word_1_113' title='bbox 919 1752 967 1797; x_wconf 85' lang='lat' dir='ltr'><strong><em>et</em></strong></span> <span class='ocrx_word' id='word_1_114' title='bbox 996 1742 1193 1811; x_wconf 84' lang='lat' dir='ltr'><strong><em>femina</em></strong></span> <span class='ocrx_word' id='word_1_115' title='bbox 1224 1739 1511 1793; x_wconf 85' lang='lat' dir='ltr'><strong><em>secundum</em></strong></span> <span class='ocrx_word' id='word_1_116' title='bbox 1541 1753 1658 1791; x_wconf 89' lang='lat' dir='ltr'><strong><em>eam</em></strong></span> <span class='ocrx_word' id='word_1_117' title='bbox 1684 1752 1800 1806; x_wconf 74' lang='lat' dir='ltr'><strong><em>qua:</em></strong></span> <span class='ocrx_word' id='word_1_118' title='bbox 1824 1746 1981 1789; x_wconf 89' lang='lat' dir='ltr'><strong><em>antea</em></strong></span> <span class='ocrx_word' id='word_1_119' title='bbox 2008 1735 2170 1789; x_wconf 78' lang='lat' dir='ltr'><strong><em>exsti-</em></strong></span> 
     </span>
    </p>
   </div>
   <div class='ocr_carea' id='block_1_17' title="bbox 586 1826 2167 1903">
    <p class='ocr_par' dir='ltr' id='par_1_17' title="bbox 586 1826 2167 1903">
     <span class='ocr_line' id='line_1_17' title="bbox 586 1826 2167 1903; baseline -0.006 -16"><span class='ocrx_word' id='word_1_120' title='bbox 586 1836 648 1890; x_wconf 91' lang='lat' dir='ltr'><strong><em>tit</em></strong></span> <span class='ocrx_word' id='word_1_121' title='bbox 671 1842 981 1903; x_wconf 90' lang='lat' dir='ltr'><strong><em>potestatem</em></strong></span> <span class='ocrx_word' id='word_1_122' title='bbox 997 1831 1284 1899; x_wconf 75' lang='lat' dir='ltr'><strong><em>inﬁnitam,</em></strong></span> <span class='ocrx_word' id='word_1_123' title='bbox 1308 1844 1425 1899; x_wconf 67' lang='lat' dir='ltr'><strong><em>qua:</em></strong></span> <span class='ocrx_word' id='word_1_124' title='bbox 1445 1828 1651 1897; x_wconf 87' lang='lat' dir='ltr'><strong><em>quidem</em></strong></span> <span class='ocrx_word' id='word_1_125' title='bbox 1674 1842 1835 1896; x_wconf 88' lang='lat' dir='ltr'><strong><em>neque</em></strong></span> <span class='ocrx_word' id='word_1_126' title='bbox 1853 1826 2167 1895; x_wconf 85' lang='lat' dir='ltr'><strong><em>principium</em></strong></span> 
     </span>
    </p>
   </div>
   <div class='ocr_carea' id='block_1_18' title="bbox 2267 635 3810 706">
    <p class='ocr_par' dir='ltr' id='par_1_18' title="bbox 2267 635 3810 706">
     <span class='ocr_line' id='line_1_18' title="bbox 2267 635 3810 706; baseline -0.002 -14"><span class='ocrx_word' id='word_1_127' title='bbox 2267 639 2388 692; x_wconf 87' lang='grc' dir='ltr'><strong><em>τῶν</em></strong></span> <span class='ocrx_word' id='word_1_128' title='bbox 2422 638 2581 691; x_wconf 68' lang='grc' dir='ltr'><em>ὅλων</em></span> <span class='ocrx_word' id='word_1_129' title='bbox 2603 637 2851 699; x_wconf 86' lang='grc' dir='ltr'><em>αιώνων,</em></span> <span class='ocrx_word' id='word_1_130' title='bbox 2876 636 3033 704; x_wconf 80' lang='grc' dir='ltr'><em>μήτε</em></span> <span class='ocrx_word' id='word_1_131' title='bbox 3058 635 3257 705; x_wconf 79' lang='grc' dir='ltr'><em>ἀρχὴν</em></span> <span class='ocrx_word' id='word_1_132' title='bbox 3284 637 3434 706; x_wconf 79' lang='grc' dir='ltr'><em>μήτε</em></span> <span class='ocrx_word' id='word_1_133' title='bbox 3461 635 3642 706; x_wconf 80' lang='grc' dir='ltr'><em>πέρας</em></span> <span class='ocrx_word' id='word_1_134' title='bbox 3664 636 3810 704; x_wconf 75' lang='grc' dir='ltr'><em>ἐχουο</em></span> 
     </span>
    </p>
   </div>
   <div class='ocr_carea' id='block_1_19' title="bbox 2263 725 3813 797">
    <p class='ocr_par' dir='ltr' id='par_1_19' title="bbox 2263 725 3813 797">
     <span class='ocr_line' id='line_1_19' title="bbox 2263 725 3813 797; baseline -0.003 -15"><span class='ocrx_word' id='word_1_135' title='bbox 2263 745 2401 793; x_wconf 88' lang='grc' dir='ltr'><em>σαι,</em></span> <span class='ocrx_word' id='word_1_136' title='bbox 2441 728 2560 782; x_wconf 82' lang='grc' dir='ltr'><strong><em>ἀπὸ</em></strong></span> <span class='ocrx_word' id='word_1_137' title='bbox 2603 726 2743 797; x_wconf 81' lang='grc' dir='ltr'><em>μιᾶς</em></span> <span class='ocrx_word' id='word_1_138' title='bbox 2777 725 2980 794; x_wconf 76' lang='grc' dir='ltr'><em>ῥίζης,</em></span> <span class='ocrx_word' id='word_1_139' title='bbox 3021 726 3152 793; x_wconf 78' lang='grc' dir='ltr'><em>ἣτις</em></span> <span class='ocrx_word' id='word_1_140' title='bbox 3207 727 3338 779; x_wconf 70' lang='grc' dir='ltr'><em>ἐστὶ</em></span> <span class='ocrx_word' id='word_1_141' title='bbox 3381 726 3629 793; x_wconf 82' lang='grc' dir='ltr'><em>δύναμις</em></span> <span class='ocrx_word' id='word_1_142' title='bbox 3686 725 3813 795; x_wconf 74' lang='grc' dir='ltr'><em>σιγὴ</em></span> 
     </span>
    </p>
   </div>
   <div class='ocr_carea' id='block_1_20' title="bbox 2263 812 3821 890">
    <p class='ocr_par' dir='ltr' id='par_1_20' title="bbox 2263 812 3821 890">
     <span class='ocr_line' id='line_1_20' title="bbox 2263 812 3821 890; baseline -0.002 -15"><span class='ocrx_word' id='word_1_143' title='bbox 2263 822 2552 890; x_wconf 83' lang='grc' dir='ltr'><em>ἀόρατος,</em></span> <span class='ocrx_word' id='word_1_144' title='bbox 2619 818 3074 885; x_wconf 71' lang='grc' dir='ltr'><em>ἀκατάληπτος,</em></span> <span class='ocrx_word' id='word_1_145' title='bbox 3130 812 3219 872; x_wconf 80' lang='grc' dir='ltr'><em>ὧν</em></span> <span class='ocrx_word' id='word_1_146' title='bbox 3274 820 3313 887; x_wconf 79' lang='grc' dir='ltr'><strong>ἠ</strong></span> <span class='ocrx_word' id='word_1_147' title='bbox 3370 819 3520 889; x_wconf 65' lang='lat' dir='ltr'><strong><em>pia“</em></strong></span> <span class='ocrx_word' id='word_1_148' title='bbox 3572 816 3821 886; x_wconf 67' lang='grc' dir='ltr'><em>φαίνεται</em></span> 
     </span>
    </p>
   </div>
   <div class='ocr_carea' id='block_1_21' title="bbox 2264 907 3824 979">
    <p class='ocr_par' dir='ltr' id='par_1_21' title="bbox 2264 907 3824 979">
     <span class='ocr_line' id='line_1_21' title="bbox 2264 907 3824 979; baseline -0.003 -13"><span class='ocrx_word' id='word_1_149' title='bbox 2264 914 2523 975; x_wconf 80' lang='grc' dir='ltr'><em>ἄνωθεν,</em></span> <span class='ocrx_word' id='word_1_150' title='bbox 2582 910 2715 979; x_wconf 80' lang='grc' dir='ltr'><em>ἣτις</em></span> <span class='ocrx_word' id='word_1_151' title='bbox 2754 910 2887 962; x_wconf 77' lang='grc' dir='ltr'><em>ἐστὶ</em></span> <span class='ocrx_word' id='word_1_152' title='bbox 2924 908 3159 978; x_wconf 71' lang='grc' dir='ltr'><em>μεγάλη</em></span> <span class='ocrx_word' id='word_1_153' title='bbox 3208 908 3492 977; x_wconf 83' lang='grc' dir='ltr'><em>δύναμις,</em></span> <span class='ocrx_word' id='word_1_154' title='bbox 3539 907 3681 974; x_wconf 87' lang='grc' dir='ltr'><em>νοῦς</em></span> <span class='ocrx_word' id='word_1_155' title='bbox 3722 907 3824 962; x_wconf 81' lang='grc' dir='ltr'><strong><em>τῶν</em></strong></span> 
     </span>
    </p>
   </div>
   <div class='ocr_carea' id='block_1_22' title="bbox 2264 998 3819 1071">
    <p class='ocr_par' dir='ltr' id='par_1_22' title="bbox 2264 998 3819 1071">
     <span class='ocr_line' id='line_1_22' title="bbox 2264 998 3819 1071; baseline -0.003 -14"><span class='ocrx_word' id='word_1_156' title='bbox 2264 1003 2445 1068; x_wconf 74' lang='grc' dir='ltr'><em>ὅλων,</em></span> <span class='ocrx_word' id='word_1_157' title='bbox 2471 1001 2692 1055; x_wconf 79' lang='grc' dir='ltr'><em>διέπων</em></span> <span class='ocrx_word' id='word_1_158' title='bbox 2710 1001 2782 1055; x_wconf 88' lang='grc' dir='ltr'><em>τὰ</em></span> <span class='ocrx_word' id='word_1_159' title='bbox 2804 1000 3020 1063; x_wconf 76' lang='grc' dir='ltr'><em>πάντα,</em></span> <span class='ocrx_word' id='word_1_160' title='bbox 3044 998 3262 1068; x_wconf 83' lang='grc' dir='ltr'><em>ἅρσην,</em></span> <span class='ocrx_word' id='word_1_161' title='bbox 3286 1000 3324 1068; x_wconf 80' lang='grc' dir='ltr'><em>ἠ</em></span> <span class='ocrx_word' id='word_1_162' title='bbox 3346 998 3414 1051; x_wconf 80' lang='grc' dir='ltr'><em>δὲ</em></span> <span class='ocrx_word' id='word_1_163' title='bbox 3438 998 3516 1071; x_wconf 73' lang='grc' dir='ltr'><em>[ιι.</em></span> <span class='ocrx_word' id='word_1_164' title='bbox 3540 998 3662 1054; x_wconf 77' lang='grc'><strong>175.</strong></span> <span class='ocrx_word' id='word_1_165' title='bbox 3686 1000 3819 1070; x_wconf 68' lang='lat'><strong><em>174.]</em></strong></span> 
     </span>
    </p>
   </div>
   <div class='ocr_carea' id='block_1_23' title="bbox 2265 1090 3823 1163">
    <p class='ocr_par' dir='ltr' id='par_1_23' title="bbox 2265 1090 3823 1163">
     <span class='ocr_line' id='line_1_23' title="bbox 2265 1090 3823 1163; baseline -0.004 -14"><span class='ocrx_word' id='word_1_166' title='bbox 2265 1095 2441 1163; x_wconf 77' lang='grc' dir='ltr'><em>ἑτέρα</em></span> <span class='ocrx_word' id='word_1_167' title='bbox 2476 1093 2760 1159; x_wconf 81' lang='grc' dir='ltr'><strong><em>κάτωθεν,</em></strong></span> <span class='ocrx_word' id='word_1_168' title='bbox 2787 1093 3025 1146; x_wconf 86' lang='grc' dir='ltr'><em>ἐπίνοια</em></span> <span class='ocrx_word' id='word_1_169' title='bbox 3040 1090 3293 1162; x_wconf 73' lang='grc' dir='ltr'><em>μεγάλη,</em></span> <span class='ocrx_word' id='word_1_170' title='bbox 3316 1092 3545 1161; x_wconf 70' lang='grc' dir='ltr'><em>θήλεια,</em></span> <span class='ocrx_word' id='word_1_171' title='bbox 3578 1090 3823 1161; x_wconf 52' lang='grc' dir='ltr'><em>γεννῶσα</em></span> 
     </span>
    </p>
   </div>
   <div class='ocr_carea' id='block_1_24' title="bbox 2266 1180 3824 1249">
    <p class='ocr_par' dir='ltr' id='par_1_24' title="bbox 2266 1180 3824 1249">
     <span class='ocr_line' id='line_1_24' title="bbox 2266 1180 3824 1249; baseline -0.004 -10"><span class='ocrx_word' id='word_1_172' title='bbox 2266 1187 2337 1241; x_wconf 84' lang='grc' dir='ltr'><em>τὰ</em></span> <span class='ocrx_word' id='word_1_173' title='bbox 2392 1185 2609 1239; x_wconf 80' lang='grc' dir='ltr'><em>πάντα.</em></span> <span class='ocrx_word' id='word_1_174' title='bbox 2668 1184 2889 1237; x_wconf 84' lang='grc' dir='ltr'><em>Ἔνθεν</em></span> <span class='ocrx_word' id='word_1_175' title='bbox 2945 1180 3246 1247; x_wconf 77' lang='grc' dir='ltr'><em>ἀλλήλοις</em></span> <span class='ocrx_word' id='word_1_176' title='bbox 3316 1180 3824 1249; x_wconf 70' lang='grc' dir='ltr'><strong><em>ἀντιστοιχοῦντες</em></strong></span> 
     </span>
    </p>
   </div>
   <div class='ocr_carea' id='block_1_25' title="bbox 2267 1271 3824 1346">
    <p class='ocr_par' dir='ltr' id='par_1_25' title="bbox 2267 1271 3824 1346">
     <span class='ocr_line' id='line_1_25' title="bbox 2267 1271 3824 1346; baseline -0.006 -14"><span class='ocrx_word' id='word_1_177' title='bbox 2267 1275 2560 1346; x_wconf 78' lang='grc' dir='ltr'><strong><em>συζυγίαν</em></strong></span> <span class='ocrx_word' id='word_1_178' title='bbox 2588 1274 2825 1343; x_wconf 78' lang='grc' dir='ltr'><em>ἔχουσι,</em></span> <span class='ocrx_word' id='word_1_179' title='bbox 2854 1273 2954 1328; x_wconf 79' lang='grc' dir='ltr'><strong><em>καὶ</em></strong></span> <span class='ocrx_word' id='word_1_180' title='bbox 2986 1273 3053 1327; x_wconf 84' lang='grc' dir='ltr'><em>τὸ</em></span> <span class='ocrx_word' id='word_1_181' title='bbox 3076 1273 3273 1343; x_wconf 82' lang='grc' dir='ltr'><em>μέσον</em></span> <span class='ocrx_word' id='word_1_182' title='bbox 3299 1271 3601 1339; x_wconf 81' lang='grc' dir='ltr'><em>διάστημα</em></span> <span class='ocrx_word' id='word_1_183' title='bbox 3638 1272 3824 1340; x_wconf 61' lang='grc' dir='ltr'><em>ἐμφαί-</em></span> 
     </span>
    </p>
   </div>
   <div class='ocr_carea' id='block_1_26' title="bbox 2266 1361 3825 1441">
    <p class='ocr_par' dir='ltr' id='par_1_26' title="bbox 2266 1361 3825 1441">
     <span class='ocr_line' id='line_1_26' title="bbox 2266 1361 3825 1441; baseline -0.006 -19"><span class='ocrx_word' id='word_1_184' title='bbox 2266 1382 2486 1423; x_wconf 79' lang='grc' dir='ltr'><em>νουσιν</em></span> <span class='ocrx_word' id='word_1_185' title='bbox 2535 1368 2688 1441; x_wconf 26' lang='grc' dir='ltr'><em>ὰέραι</em></span> <span class='ocrx_word' id='word_1_186' title='bbox 2726 1365 3198 1433; x_wconf 65' lang='grc' dir='ltr'><em>ἀκατάληπτον,</em></span> <span class='ocrx_word' id='word_1_187' title='bbox 3249 1362 3401 1434; x_wconf 77' lang='grc' dir='ltr'><em>μήτε</em></span> <span class='ocrx_word' id='word_1_188' title='bbox 3454 1361 3651 1430; x_wconf 74' lang='grc' dir='ltr'><em>ἀρχὴν</em></span> <span class='ocrx_word' id='word_1_189' title='bbox 3692 1361 3825 1430; x_wconf 83' lang='grc' dir='ltr'><em>μήτε</em></span> 
     </span>
    </p>
   </div>
   <div class='ocr_carea' id='block_1_27' title="bbox 2267 1448 3827 1527">
    <p class='ocr_par' dir='ltr' id='par_1_27' title="bbox 2267 1448 3827 1527">
     <span class='ocr_line' id='line_1_27' title="bbox 2267 1448 3827 1527; baseline -0.008 -15"><span class='ocrx_word' id='word_1_190' title='bbox 2267 1460 2450 1527; x_wconf 82' lang='grc' dir='ltr'><strong><em>πέρας</em></strong></span> <span class='ocrx_word' id='word_1_191' title='bbox 2483 1457 2726 1527; x_wconf 76' lang='grc' dir='ltr'><em>ἔχοντα.</em></span> <span class='ocrx_word' id='word_1_192' title='bbox 2777 1456 2882 1509; x_wconf 87' lang='grc' dir='ltr'><strong><em>Ἔν</em></strong></span> <span class='ocrx_word' id='word_1_193' title='bbox 2917 1453 2987 1506; x_wconf 83' lang='grc' dir='ltr'><em>δὲ</em></span> <span class='ocrx_word' id='word_1_194' title='bbox 3012 1455 3201 1516; x_wconf 79' lang='grc' dir='ltr'><em>τούτῳ</em></span> <span class='ocrx_word' id='word_1_195' title='bbox 3262 1448 3470 1517; x_wconf 80' lang='grc' dir='ltr'><em>Πατὴρ</em></span> <span class='ocrx_word' id='word_1_196' title='bbox 3502 1451 3537 1503; x_wconf 84' lang='grc' dir='ltr'>ό</span> <span class='ocrx_word' id='word_1_197' title='bbox 3566 1450 3587 1480; x_wconf 80' lang='grc'>⁸</span> <span class='ocrx_word' id='word_1_198' title='bbox 3617 1448 3827 1512; x_wconf 80' lang='grc' dir='ltr'><em>βαστά-</em></span> 
     </span>
    </p>
   </div>
   <div class='ocr_carea' id='block_1_28' title="bbox 2270 1537 3829 1615">
    <p class='ocr_par' dir='ltr' id='par_1_28' title="bbox 2270 1537 3829 1615">
     <span class='ocr_line' id='line_1_28' title="bbox 2270 1537 3829 1615; baseline -0.008 -11"><span class='ocrx_word' id='word_1_199' title='bbox 2270 1549 2382 1609; x_wconf 76' lang='grc' dir='ltr'><em>ζων</em></span> <span class='ocrx_word' id='word_1_200' title='bbox 2413 1549 2610 1603; x_wconf 83' lang='grc' dir='ltr'><em>πάντα</em></span> <span class='ocrx_word' id='word_1_201' title='bbox 2664 1548 2764 1600; x_wconf 80' lang='grc' dir='ltr'><em>καὶ</em></span> <span class='ocrx_word' id='word_1_202' title='bbox 2818 1546 3050 1615; x_wconf 72' lang='grc' dir='ltr'><em>τρέφων</em></span> <span class='ocrx_word' id='word_1_203' title='bbox 3086 1544 3157 1597; x_wconf 87' lang='grc' dir='ltr'><em>τὰ</em></span> <span class='ocrx_word' id='word_1_204' title='bbox 3190 1544 3208 1573; x_wconf 85' lang='grc'><strong>⁷</strong></span> <span class='ocrx_word' id='word_1_205' title='bbox 3264 1542 3465 1611; x_wconf 81' lang='grc' dir='ltr'><em>ἀρχὴν</em></span> <span class='ocrx_word' id='word_1_206' title='bbox 3516 1537 3616 1594; x_wconf 71' lang='grc' dir='ltr'><strong><em>καὶ</em></strong></span> <span class='ocrx_word' id='word_1_207' title='bbox 3664 1538 3829 1607; x_wconf 82' lang='grc' dir='ltr'><em>πέρας</em></span> 
     </span>
    </p>
   </div>
   <div class='ocr_carea' id='block_1_29' title="bbox 2269 1634 3827 1706">
    <p class='ocr_par' dir='ltr' id='par_1_29' title="bbox 2269 1634 3827 1706">
     <span class='ocr_line' id='line_1_29' title="bbox 2269 1634 3827 1706; baseline -0.005 -14"><span class='ocrx_word' id='word_1_208' title='bbox 2269 1641 2512 1706; x_wconf 76' lang='grc' dir='ltr'><em>ἔχοντα.</em></span> <span class='ocrx_word' id='word_1_209' title='bbox 2542 1634 2734 1703; x_wconf 84' lang='grc' dir='ltr'><em>Οὗτός</em></span> <span class='ocrx_word' id='word_1_210' title='bbox 2756 1637 2929 1690; x_wconf 85' lang='grc' dir='ltr'><em>ἐστιν</em></span> <span class='ocrx_word' id='word_1_211' title='bbox 2954 1640 2986 1691; x_wconf 82' lang='grc' dir='ltr'><em>ὀ</em></span> <span class='ocrx_word' id='word_1_212' title='bbox 3010 1636 3219 1702; x_wconf 82' lang='grc' dir='ltr'><em>ἑστὼς,</em></span> <span class='ocrx_word' id='word_1_213' title='bbox 3242 1635 3415 1701; x_wconf 83' lang='grc' dir='ltr'><em>στὰς,</em></span> <span class='ocrx_word' id='word_1_214' title='bbox 3450 1634 3827 1702; x_wconf 80' lang='grc' dir='ltr'><em>στησόμενος,</em></span> 
     </span>
    </p>
   </div>
   <div class='ocr_carea' id='block_1_30' title="bbox 2267 1722 3825 1798">
    <p class='ocr_par' dir='ltr' id='par_1_30' title="bbox 2267 1722 3825 1798">
     <span class='ocr_line' id='line_1_30' title="bbox 2267 1722 3825 1798; baseline -0.005 -15"><span class='ocrx_word' id='word_1_215' title='bbox 2267 1728 2353 1783; x_wconf 87' lang='grc' dir='ltr'><em>ὢν</em></span> <span class='ocrx_word' id='word_1_216' title='bbox 2389 1730 2809 1798; x_wconf 72' lang='grc' dir='ltr'><em>ἁρσενόθηλυς</em></span> <span class='ocrx_word' id='word_1_217' title='bbox 2854 1728 3107 1797; x_wconf 78' lang='grc' dir='ltr'><em>δύναμις</em></span> <span class='ocrx_word' id='word_1_218' title='bbox 3158 1730 3309 1784; x_wconf 79' lang='grc' dir='ltr'><em>κατὰ</em></span> <span class='ocrx_word' id='word_1_219' title='bbox 3374 1725 3492 1795; x_wconf 79' lang='grc' dir='ltr'><em>τὴν</em></span> <span class='ocrx_word' id='word_1_220' title='bbox 3546 1722 3825 1792; x_wconf 79' lang='grc' dir='ltr'><em>προϋπάρ-</em></span> 
     </span>
    </p>
   </div>
   <div class='ocr_carea' id='block_1_31' title="bbox 2271 1814 3831 1890">
    <p class='ocr_par' dir='ltr' id='par_1_31' title="bbox 2271 1814 3831 1890">
     <span class='ocr_line' id='line_1_31' title="bbox 2271 1814 3831 1890; baseline -0.006 -16"><span class='ocrx_word' id='word_1_221' title='bbox 2271 1835 2509 1890; x_wconf 85' lang='grc' dir='ltr'><em>χουσαν</em></span> <span class='ocrx_word' id='word_1_222' title='bbox 2547 1819 2809 1888; x_wconf 84' lang='grc' dir='ltr'><em>δύναμιν</em></span> <span class='ocrx_word' id='word_1_223' title='bbox 2858 1819 3219 1888; x_wconf 82' lang='grc' dir='ltr'><em>ἀπέραντον,</em></span> <span class='ocrx_word' id='word_1_224' title='bbox 3271 1817 3405 1886; x_wconf 81' lang='grc' dir='ltr'><em>ἣτις</em></span> <span class='ocrx_word' id='word_1_225' title='bbox 3469 1814 3594 1870; x_wconf 83' lang='grc' dir='ltr'><em>οὔτ’</em></span> <span class='ocrx_word' id='word_1_226' title='bbox 3653 1814 3831 1882; x_wconf 73' lang='grc' dir='ltr'><em>ἀρχὴν</em></span> 
     </span>
    </p>
   </div>
   <div class='ocr_carea' id='block_1_32' title="bbox 586 1904 2173 1991">
    <p class='ocr_par' dir='ltr' id='par_1_32' title="bbox 586 1920 2165 1991">
     <span class='ocr_line' id='line_1_32' title="bbox 586 1920 2165 1991; baseline -0.005 -12"><span class='ocrx_word' id='word_1_227' title='bbox 586 1926 739 1981; x_wconf 85' lang='lat' dir='ltr'><strong><em>habet</em></strong></span> <span class='ocrx_word' id='word_1_228' title='bbox 775 1940 939 1989; x_wconf 87' lang='lat' dir='ltr'><strong><em>neque</em></strong></span> <span class='ocrx_word' id='word_1_229' title='bbox 975 1925 1130 1991; x_wconf 84' lang='lat' dir='ltr'><strong><em>ﬁnem</em></strong></span> <span class='ocrx_word' id='word_1_230' title='bbox 1155 1962 1171 1987; x_wconf 96' lang='lat'><strong><em>,</em></strong></span> <span class='ocrx_word' id='word_1_231' title='bbox 1220 1936 1437 1989; x_wconf 88' lang='lat' dir='ltr'><strong><em>eamque</em></strong></span> <span class='ocrx_word' id='word_1_232' title='bbox 1478 1920 1533 1973; x_wconf 93' lang='lat' dir='ltr'><strong><em>in</em></strong></span> <span class='ocrx_word' id='word_1_233' title='bbox 1575 1920 1779 1971; x_wconf 89' lang='lat' dir='ltr'><strong><em>unitate</em></strong></span> <span class='ocrx_word' id='word_1_234' title='bbox 1817 1926 2165 1971; x_wconf 88' lang='lat' dir='ltr'><strong><em>constantem.</em></strong></span> 
     </span>
    </p>
   </div>
   <div class='ocr_carea' id='block_1_33' title="bbox 2276 1904 3831 1991">
    <p class='ocr_par' dir='ltr' id='par_1_33' title="bbox 2276 1904 3831 1979">
     <span class='ocr_line' id='line_1_33' title="bbox 2276 1904 3831 1979; baseline -0.005 -14"><span class='ocrx_word' id='word_1_235' title='bbox 2276 1912 2408 1965; x_wconf 81' lang='grc' dir='ltr'><em>οὔτε</em></span> <span class='ocrx_word' id='word_1_236' title='bbox 2457 1909 2642 1978; x_wconf 84' lang='grc' dir='ltr'><em>πέρας</em></span> <span class='ocrx_word' id='word_1_237' title='bbox 2680 1909 2827 1978; x_wconf 79' lang='grc' dir='ltr'><em>ἔχει,</em></span> <span class='ocrx_word' id='word_1_238' title='bbox 2860 1910 2930 1963; x_wconf 81' lang='grc' dir='ltr'><em>ἐν</em></span> <span class='ocrx_word' id='word_1_239' title='bbox 2976 1911 3265 1979; x_wconf 79' lang='grc' dir='ltr'><em>ιιονότητι</em></span> <span class='ocrx_word' id='word_1_240' title='bbox 3306 1908 3507 1962; x_wconf 77' lang='grc' dir='ltr'><em>οὖσαν</em></span> <span class='ocrx_word' id='word_1_241' title='bbox 3531 1922 3546 1937; x_wconf 74' lang='grc'><strong><em>⁵</em></strong></span> <span class='ocrx_word' id='word_1_242' title='bbox 3581 1906 3697 1960; x_wconf 84' lang='grc' dir='ltr'><strong><em>ἀπὸ</em></strong></span> <span class='ocrx_word' id='word_1_243' title='bbox 3735 1904 3831 1974; x_wconf 76' lang='grc' dir='ltr'><strong><em>τὰρ</em></strong></span> 
     </span>
    </p>
   </div>
   <div class='ocr_carea' id='block_1_34' title="bbox 588 2008 2167 2083">
    <p class='ocr_par' dir='ltr' id='par_1_34' title="bbox 588 2008 2167 2083">
     <span class='ocr_line' id='line_1_34' title="bbox 588 2008 2167 2083; baseline -0.007 -11"><span class='ocrx_word' id='word_1_244' title='bbox 588 2018 669 2073; x_wconf 80' lang='lat' dir='ltr'><strong><em>Ab</em></strong></span> <span class='ocrx_word' id='word_1_245' title='bbox 703 2018 804 2071; x_wconf 88' lang='lat' dir='ltr'><strong><em>hac</em></strong></span> <span class='ocrx_word' id='word_1_246' title='bbox 838 2015 978 2070; x_wconf 91' lang='lat' dir='ltr'><strong><em>enim</em></strong></span> <span class='ocrx_word' id='word_1_247' title='bbox 1004 2029 1281 2083; x_wconf 85' lang='lat' dir='ltr'><strong><em>congressa</em></strong></span> <span class='ocrx_word' id='word_1_248' title='bbox 1309 2028 1427 2082; x_wconf 83' lang='lat' dir='ltr'><strong><em>qua:</em></strong></span> <span class='ocrx_word' id='word_1_249' title='bbox 1451 2021 1526 2065; x_wconf 91' lang='lat' dir='ltr'><strong><em>est</em></strong></span> <span class='ocrx_word' id='word_1_250' title='bbox 1561 2011 1613 2063; x_wconf 93' lang='lat' dir='ltr'><strong><em>in</em></strong></span> <span class='ocrx_word' id='word_1_251' title='bbox 1644 2011 1843 2063; x_wconf 90' lang='lat' dir='ltr'><strong><em>unitate</em></strong></span> <span class='ocrx_word' id='word_1_252' title='bbox 1869 2008 2167 2077; x_wconf 87' lang='lat' dir='ltr'><strong><em>intelligen-</em></strong></span> 
     </span>
    </p>
   </div>
   <div class='ocr_carea' id='block_1_35' title="bbox 590 2098 2167 2174">
    <p class='ocr_par' dir='ltr' id='par_1_35' title="bbox 590 2098 2167 2174">
     <span class='ocr_line' id='line_1_35' title="bbox 590 2098 2167 2174; baseline -0.007 -13"><span class='ocrx_word' id='word_1_253' title='bbox 590 2109 665 2162; x_wconf 88' lang='lat' dir='ltr'><strong><em>tia</em></strong></span> <span class='ocrx_word' id='word_1_254' title='bbox 700 2108 844 2174; x_wconf 75' lang='grc' dir='ltr'><em>[ιι-ιιι</em></span> <span class='ocrx_word' id='word_1_255' title='bbox 863 2112 938 2158; x_wconf 88' lang='lat' dir='ltr'><strong><em>est</em></strong></span> <span class='ocrx_word' id='word_1_256' title='bbox 969 2104 1093 2156; x_wconf 91' lang='lat' dir='ltr'><strong><em>duo.</em></strong></span> <span class='ocrx_word' id='word_1_257' title='bbox 1118 2100 1185 2155; x_wconf 82' lang='lat' dir='ltr'><strong><em>Et</em></strong></span> <span class='ocrx_word' id='word_1_258' title='bbox 1208 2100 1297 2155; x_wconf 91' lang='lat' dir='ltr'><strong><em>ille</em></strong></span> <span class='ocrx_word' id='word_1_259' title='bbox 1324 2109 1435 2155; x_wconf 87' lang='lat' dir='ltr'><strong><em>erat</em></strong></span> <span class='ocrx_word' id='word_1_260' title='bbox 1461 2116 1618 2163; x_wconf 82' lang='lat' dir='ltr'><strong><em>unus,</em></strong></span> <span class='ocrx_word' id='word_1_261' title='bbox 1643 2099 1836 2152; x_wconf 81' lang='lat' dir='ltr'><strong><em>habens</em></strong></span> <span class='ocrx_word' id='word_1_262' title='bbox 1857 2100 1995 2152; x_wconf 88' lang='lat' dir='ltr'><strong><em>enim</em></strong></span> <span class='ocrx_word' id='word_1_263' title='bbox 2020 2098 2167 2151; x_wconf 89' lang='lat' dir='ltr'><strong><em>illam</em></strong></span> 
     </span>
    </p>
   </div>
   <div class='ocr_carea' id='block_1_36' title="bbox 589 2189 2171 2261">
    <p class='ocr_par' dir='ltr' id='par_1_36' title="bbox 589 2189 2171 2261">
     <span class='ocr_line' id='line_1_36' title="bbox 589 2189 2171 2261; baseline -0.005 -10"><span class='ocrx_word' id='word_1_264' title='bbox 589 2198 648 2251; x_wconf 90' lang='lat' dir='ltr'><strong><em>in</em></strong></span> <span class='ocrx_word' id='word_1_265' title='bbox 681 2211 737 2250; x_wconf 88' lang='lat' dir='ltr'><strong><em>se</em></strong></span> <span class='ocrx_word' id='word_1_266' title='bbox 774 2203 888 2249; x_wconf 88' lang='lat' dir='ltr'><strong><em>erat</em></strong></span> <span class='ocrx_word' id='word_1_267' title='bbox 931 2194 1096 2256; x_wconf 90' lang='lat' dir='ltr'><strong><em>solus,</em></strong></span> <span class='ocrx_word' id='word_1_268' title='bbox 1121 2207 1424 2261; x_wconf 87' lang='lat' dir='ltr'><strong><em>quanquam</em></strong></span> <span class='ocrx_word' id='word_1_269' title='bbox 1446 2206 1549 2244; x_wconf 85' lang='lat' dir='ltr'><strong><em>non</em></strong></span> <span class='ocrx_word' id='word_1_270' title='bbox 1570 2190 1794 2258; x_wconf 88' lang='lat' dir='ltr'><strong><em>primus,</em></strong></span> <span class='ocrx_word' id='word_1_271' title='bbox 1820 2189 2028 2243; x_wconf 86' lang='lat' dir='ltr'><strong><em>tametsi</em></strong></span> <span class='ocrx_word' id='word_1_272' title='bbox 2051 2199 2171 2243; x_wconf 90' lang='lat' dir='ltr'><strong><em>ante</em></strong></span> 
     </span>
    </p>
   </div>
   <div class='ocr_carea' id='block_1_37' title="bbox 589 2277 2169 2349">
    <p class='ocr_par' dir='ltr' id='par_1_37' title="bbox 589 2277 2169 2349">
     <span class='ocr_line' id='line_1_37' title="bbox 589 2277 2169 2349; baseline -0.007 -8"><span class='ocrx_word' id='word_1_273' title='bbox 589 2285 869 2347; x_wconf 79' lang='lat' dir='ltr'><strong><em>exsistens,</em></strong></span> <span class='ocrx_word' id='word_1_274' title='bbox 908 2280 1278 2349; x_wconf 78' lang='lat' dir='ltr'><strong><em>manifestatus</em></strong></span> <span class='ocrx_word' id='word_1_275' title='bbox 1312 2290 1486 2334; x_wconf 87' lang='lat' dir='ltr'><strong><em>autem</em></strong></span> <span class='ocrx_word' id='word_1_276' title='bbox 1514 2279 1612 2349; x_wconf 88' lang='lat' dir='ltr'><strong><em>ipsi</em></strong></span> <span class='ocrx_word' id='word_1_277' title='bbox 1654 2294 1717 2332; x_wconf 78' lang='lat' dir='ltr'><strong><em>ex</em></strong></span> <span class='ocrx_word' id='word_1_278' title='bbox 1746 2294 1801 2331; x_wconf 90' lang='lat' dir='ltr'><strong><em>se</em></strong></span> <span class='ocrx_word' id='word_1_279' title='bbox 1830 2278 1942 2346; x_wconf 84' lang='lat' dir='ltr'><strong><em>ipsa</em></strong></span> <span class='ocrx_word' id='word_1_280' title='bbox 1973 2277 2169 2332; x_wconf 76' lang='lat' dir='ltr'><strong><em>exstitit</em></strong></span> 
     </span>
    </p>
   </div>
   <div class='ocr_carea' id='block_1_38' title="bbox 590 2368 2170 2442">
    <p class='ocr_par' dir='ltr' id='par_1_38' title="bbox 590 2368 2170 2442">
     <span class='ocr_line' id='line_1_38' title="bbox 590 2368 2170 2442; baseline -0.008 -11"><span class='ocrx_word' id='word_1_281' title='bbox 590 2376 747 2433; x_wconf 86' lang='lat' dir='ltr'><strong><em>alter.</em></strong></span> <span class='ocrx_word' id='word_1_282' title='bbox 789 2374 895 2429; x_wconf 79' lang='lat' dir='ltr'><strong><em>Sed</em></strong></span> <span class='ocrx_word' id='word_1_283' title='bbox 932 2387 994 2426; x_wconf 88' lang='lat' dir='ltr'><strong><em>ne</em></strong></span> <span class='ocrx_word' id='word_1_284' title='bbox 1025 2380 1176 2441; x_wconf 87' lang='lat' dir='ltr'><strong><em>pater</em></strong></span> <span class='ocrx_word' id='word_1_285' title='bbox 1201 2372 1412 2442; x_wconf 86' lang='lat' dir='ltr'><strong><em>quidem</em></strong></span> <span class='ocrx_word' id='word_1_286' title='bbox 1444 2368 1742 2439; x_wconf 85' lang='lat' dir='ltr'><strong><em>appellatus</em></strong></span> <span class='ocrx_word' id='word_1_287' title='bbox 1782 2378 1856 2422; x_wconf 90' lang='lat' dir='ltr'><strong><em>est</em></strong></span> <span class='ocrx_word' id='word_1_288' title='bbox 1895 2380 2170 2437; x_wconf 82' lang='lat' dir='ltr'><strong><em>antequam</em></strong></span> 
     </span>
    </p>
   </div>
   <div class='ocr_carea' id='block_1_39' title="bbox 592 2458 2173 2537">
    <p class='ocr_par' dir='ltr' id='par_1_39' title="bbox 592 2458 2173 2537">
     <span class='ocr_line' id='line_1_39' title="bbox 592 2458 2173 2537; baseline -0.008 -15"><span class='ocrx_word' id='word_1_289' title='bbox 592 2470 708 2537; x_wconf 87' lang='lat' dir='ltr'><strong><em>ipsa</em></strong></span> <span class='ocrx_word' id='word_1_290' title='bbox 736 2464 887 2519; x_wconf 89' lang='lat' dir='ltr'><strong><em>illum</em></strong></span> <span class='ocrx_word' id='word_1_291' title='bbox 923 2462 1208 2533; x_wconf 80' lang='lat' dir='ltr'><strong><em>appellaret</em></strong></span> <span class='ocrx_word' id='word_1_292' title='bbox 1264 2473 1485 2529; x_wconf 80' lang='lat' dir='ltr'><strong><em>patrem.</em></strong></span> <span class='ocrx_word' id='word_1_293' title='bbox 1530 2458 1598 2514; x_wconf 86' lang='lat' dir='ltr'><strong><em>Ut</em></strong></span> <span class='ocrx_word' id='word_1_294' title='bbox 1636 2461 1797 2530; x_wconf 83' lang='lat' dir='ltr'><strong><em>igitur</em></strong></span> <span class='ocrx_word' id='word_1_295' title='bbox 1836 2462 1945 2528; x_wconf 87' lang='lat' dir='ltr'><strong><em>ipse</em></strong></span> <span class='ocrx_word' id='word_1_296' title='bbox 1988 2468 2173 2513; x_wconf 80' lang='lat' dir='ltr'><strong><em>semet-</em></strong></span> 
     </span>
    </p>
   </div>
   <div class='ocr_carea' id='block_1_40' title="bbox 592 2551 2173 2626">
    <p class='ocr_par' dir='ltr' id='par_1_40' title="bbox 592 2551 2173 2626">
     <span class='ocr_line' id='line_1_40' title="bbox 592 2551 2173 2626; baseline -0.007 -14"><span class='ocrx_word' id='word_1_297' title='bbox 592 2572 767 2626; x_wconf 76' lang='lat' dir='ltr'><strong><em>ipsum</em></strong></span> <span class='ocrx_word' id='word_1_298' title='bbox 798 2571 891 2625; x_wconf 90' lang='lat' dir='ltr'><strong><em>per</em></strong></span> <span class='ocrx_word' id='word_1_299' title='bbox 916 2571 970 2609; x_wconf 90' lang='lat' dir='ltr'><strong><em>se</em></strong></span> <span class='ocrx_word' id='word_1_300' title='bbox 995 2553 1287 2625; x_wconf 85' lang='lat' dir='ltr'><strong><em>producens</em></strong></span> <span class='ocrx_word' id='word_1_301' title='bbox 1342 2552 1706 2623; x_wconf 85' lang='lat' dir='ltr'><strong><em>manifestavit</em></strong></span> <span class='ocrx_word' id='word_1_302' title='bbox 1755 2551 1856 2604; x_wconf 88' lang='lat' dir='ltr'><strong><em>sibi</em></strong></span> <span class='ocrx_word' id='word_1_303' title='bbox 1902 2552 2173 2621; x_wconf 84' lang='lat' dir='ltr'><strong><em>propriam</em></strong></span> 
     </span>
    </p>
   </div>
   <div class='ocr_carea' id='block_1_41' title="bbox 591 2640 2175 2717">
    <p class='ocr_par' dir='ltr' id='par_1_41' title="bbox 591 2640 2175 2717">
     <span class='ocr_line' id='line_1_41' title="bbox 591 2640 2175 2717; baseline -0.004 -16"><span class='ocrx_word' id='word_1_304' title='bbox 591 2646 1036 2717; x_wconf 87' lang='lat' dir='ltr'><strong><em>intelligentiam,</em></strong></span> <span class='ocrx_word' id='word_1_305' title='bbox 1096 2645 1171 2699; x_wconf 87' lang='lat' dir='ltr'><strong><em>sic</em></strong></span> <span class='ocrx_word' id='word_1_306' title='bbox 1215 2654 1263 2699; x_wconf 87' lang='lat' dir='ltr'><strong><em>et</em></strong></span> <span class='ocrx_word' id='word_1_307' title='bbox 1305 2643 1647 2714; x_wconf 89' lang='lat' dir='ltr'><strong><em>manifestata</em></strong></span> <span class='ocrx_word' id='word_1_308' title='bbox 1694 2640 2045 2713; x_wconf 83' lang='lat' dir='ltr'><strong><em>intelligentia</em></strong></span> <span class='ocrx_word' id='word_1_309' title='bbox 2070 2658 2175 2696; x_wconf 90' lang='lat' dir='ltr'><strong><em>non</em></strong></span> 
     </span>
    </p>
   </div>
   <div class='ocr_carea' id='block_1_42' title="bbox 592 2732 2175 2809">
    <p class='ocr_par' dir='ltr' id='par_1_42' title="bbox 592 2732 2175 2809">
     <span class='ocr_line' id='line_1_42' title="bbox 592 2732 2175 2809; baseline -0.004 -15"><span class='ocrx_word' id='word_1_310' title='bbox 592 2740 765 2809; x_wconf 84' lang='lat' dir='ltr'><strong><em>fecit,</em></strong></span> <span class='ocrx_word' id='word_1_311' title='bbox 821 2737 911 2791; x_wconf 87' lang='lat' dir='ltr'><strong><em>sed</em></strong></span> <span class='ocrx_word' id='word_1_312' title='bbox 961 2737 1260 2804; x_wconf 86' lang='lat' dir='ltr'><strong><em>conspicata</em></strong></span> <span class='ocrx_word' id='word_1_313' title='bbox 1310 2732 1463 2787; x_wconf 80' lang='lat' dir='ltr'><strong><em>illum</em></strong></span> <span class='ocrx_word' id='word_1_314' title='bbox 1518 2734 1850 2789; x_wconf 87' lang='lat' dir='ltr'><strong><em>abscondidit</em></strong></span> <span class='ocrx_word' id='word_1_315' title='bbox 1880 2742 2079 2803; x_wconf 90' lang='lat' dir='ltr'><strong><em>patrem</em></strong></span> <span class='ocrx_word' id='word_1_316' title='bbox 2119 2733 2175 2787; x_wconf 91' lang='lat' dir='ltr'><strong><em>in</em></strong></span> 
     </span>
    </p>
   </div>
   <div class='ocr_carea' id='block_1_43' title="bbox 594 2824 2174 2895">
    <p class='ocr_par' dir='ltr' id='par_1_43' title="bbox 594 2824 2174 2895">
     <span class='ocr_line' id='line_1_43' title="bbox 594 2824 2174 2895; baseline -0.005 -10"><span class='ocrx_word' id='word_1_317' title='bbox 594 2844 735 2895; x_wconf 83' lang='lat' dir='ltr'><strong><em>sese,</em></strong></span> <span class='ocrx_word' id='word_1_318' title='bbox 778 2829 877 2882; x_wconf 89' lang='lat' dir='ltr'><strong><em>hoc</em></strong></span> <span class='ocrx_word' id='word_1_319' title='bbox 907 2834 983 2881; x_wconf 89' lang='lat' dir='ltr'><strong><em>est</em></strong></span> <span class='ocrx_word' id='word_1_320' title='bbox 1027 2833 1374 2893; x_wconf 88' lang='lat' dir='ltr'><strong><em>potestatem,</em></strong></span> <span class='ocrx_word' id='word_1_321' title='bbox 1430 2833 1481 2878; x_wconf 91' lang='lat' dir='ltr'><strong><em>et</em></strong></span> <span class='ocrx_word' id='word_1_322' title='bbox 1505 2824 1580 2879; x_wconf 89' lang='lat' dir='ltr'><strong><em>ita</em></strong></span> <span class='ocrx_word' id='word_1_323' title='bbox 1605 2834 1682 2879; x_wconf 78' lang='lat' dir='ltr'><strong><em>est</em></strong></span> <span class='ocrx_word' id='word_1_324' title='bbox 1708 2825 2174 2895; x_wconf 85' lang='lat' dir='ltr'><strong><em>masculofeminea</em></strong></span> 
     </span>
    </p>
   </div>
   <div class='ocr_carea' id='block_1_44' title="bbox 592 2916 2178 2991">
    <p class='ocr_par' dir='ltr' id='par_1_44' title="bbox 592 2916 2178 2991">
     <span class='ocr_line' id='line_1_44' title="bbox 592 2916 2178 2991; baseline -0.004 -15"><span class='ocrx_word' id='word_1_325' title='bbox 592 2927 825 2991; x_wconf 83' lang='lat' dir='ltr'><strong><em>potestas</em></strong></span> <span class='ocrx_word' id='word_1_326' title='bbox 854 2920 1008 2973; x_wconf 88' lang='lat' dir='ltr'><strong><em>etiam</em></strong></span> <span class='ocrx_word' id='word_1_327' title='bbox 1041 2916 1412 2986; x_wconf 86' lang='lat' dir='ltr'><strong><em>intelligentia,</em></strong></span> <span class='ocrx_word' id='word_1_328' title='bbox 1440 2916 1581 2970; x_wconf 87' lang='lat' dir='ltr'><strong><em>unde</em></strong></span> <span class='ocrx_word' id='word_1_329' title='bbox 1599 2916 1697 2971; x_wconf 90' lang='lat' dir='ltr'><strong><em>sibi</em></strong></span> <span class='ocrx_word' id='word_1_330' title='bbox 1721 2917 1937 2972; x_wconf 80' lang='lat' dir='ltr'><strong><em>invicem</em></strong></span> <span class='ocrx_word' id='word_1_331' title='bbox 1964 2931 2178 2985; x_wconf 81' lang='lat' dir='ltr'><strong><em>respon-</em></strong></span> 
     </span>
    </p>
   </div>
   <div class='ocr_carea' id='block_1_45' title="bbox 594 3007 2178 3081">
    <p class='ocr_par' dir='ltr' id='par_1_45' title="bbox 594 3007 2178 3081">
     <span class='ocr_line' id='line_1_45' title="bbox 594 3007 2178 3081; baseline -0.001 -16"><span class='ocrx_word' id='word_1_332' title='bbox 594 3014 720 3067; x_wconf 81' lang='lat' dir='ltr'><strong><em>dent</em></strong></span> <span class='ocrx_word' id='word_1_333' title='bbox 750 3009 909 3081; x_wconf 79' lang='lat' dir='ltr'><strong><em>(nihil</em></strong></span> <span class='ocrx_word' id='word_1_334' title='bbox 936 3011 1075 3065; x_wconf 90' lang='lat' dir='ltr'><strong><em>enim</em></strong></span> <span class='ocrx_word' id='word_1_335' title='bbox 1097 3008 1276 3078; x_wconf 59' lang='lat' dir='ltr'><strong><em>difert</em></strong></span> <span class='ocrx_word' id='word_1_336' title='bbox 1306 3017 1537 3076; x_wconf 85' lang='lat' dir='ltr'><strong><em>potestas</em></strong></span> <span class='ocrx_word' id='word_1_337' title='bbox 1564 3008 1629 3063; x_wconf 90' lang='lat' dir='ltr'><strong><em>ab</em></strong></span> <span class='ocrx_word' id='word_1_338' title='bbox 1660 3007 2028 3080; x_wconf 88' lang='lat' dir='ltr'><strong><em>intelligentia)</em></strong></span> <span class='ocrx_word' id='word_1_339' title='bbox 2048 3026 2178 3079; x_wconf 86' lang='lat' dir='ltr'><strong><em>quo-</em></strong></span> 
     </span>
    </p>
   </div>
   <div class='ocr_carea' id='block_1_46' title="bbox 595 3099 2174 3170">
    <p class='ocr_par' dir='ltr' id='par_1_46' title="bbox 595 3099 2174 3170">
     <span class='ocr_line' id='line_1_46' title="bbox 595 3099 2174 3170; baseline -0.003 -12"><span class='ocrx_word' id='word_1_340' title='bbox 595 3106 739 3158; x_wconf 84' lang='lat' dir='ltr'><strong><em>niam</em></strong></span> <span class='ocrx_word' id='word_1_341' title='bbox 773 3118 936 3156; x_wconf 86' lang='lat' dir='ltr'><strong><em>unum</em></strong></span> <span class='ocrx_word' id='word_1_342' title='bbox 967 3109 1110 3155; x_wconf 73' lang='lat' dir='ltr'><strong><em>sunt.</em></strong></span> <span class='ocrx_word' id='word_1_343' title='bbox 1155 3099 1366 3154; x_wconf 81' lang='lat' dir='ltr'><strong><em>Etenim</em></strong></span> <span class='ocrx_word' id='word_1_344' title='bbox 1402 3116 1469 3155; x_wconf 73' lang='lat' dir='ltr'><strong><em>ea:</em></strong></span> <span class='ocrx_word' id='word_1_345' title='bbox 1504 3101 1609 3165; x_wconf 92' lang='lat' dir='ltr'><strong><em>iis,</em></strong></span> <span class='ocrx_word' id='word_1_346' title='bbox 1666 3115 1785 3170; x_wconf 67' lang='lat' dir='ltr'><strong><em>qua</em></strong></span> <span class='ocrx_word' id='word_1_347' title='bbox 1825 3116 1984 3169; x_wconf 89' lang='lat' dir='ltr'><strong><em>supra</em></strong></span> <span class='ocrx_word' id='word_1_348' title='bbox 2030 3111 2174 3165; x_wconf 85' lang='lat' dir='ltr'><strong><em>sunt,</em></strong></span> 
     </span>
    </p>
   </div>
   <div class='ocr_carea' id='block_1_47' title="bbox 602 3191 2179 3263">
    <p class='ocr_par' dir='ltr' id='par_1_47' title="bbox 602 3191 2179 3263">
     <span class='ocr_line' id='line_1_47' title="bbox 602 3191 2179 3263; baseline -0.003 -15"><span class='ocrx_word' id='word_1_349' title='bbox 602 3193 862 3263; x_wconf 75' lang='lat' dir='ltr'><strong><em>reperitur</em></strong></span> <span class='ocrx_word' id='word_1_350' title='bbox 898 3201 1147 3259; x_wconf 90' lang='lat' dir='ltr'><strong><em>potestas,</em></strong></span> <span class='ocrx_word' id='word_1_351' title='bbox 1181 3204 1246 3243; x_wconf 77' lang='lat' dir='ltr'><strong><em>ea:</em></strong></span> <span class='ocrx_word' id='word_1_352' title='bbox 1282 3191 1349 3243; x_wconf 83' lang='lat' dir='ltr'><strong><em>iis</em></strong></span> <span class='ocrx_word' id='word_1_353' title='bbox 1381 3200 1587 3253; x_wconf 87' lang='lat' dir='ltr'><strong><em>autem,</em></strong></span> <span class='ocrx_word' id='word_1_354' title='bbox 1616 3206 1733 3259; x_wconf 81' lang='lat' dir='ltr'><strong><em>qua:</em></strong></span> <span class='ocrx_word' id='word_1_355' title='bbox 1766 3191 1943 3261; x_wconf 86' lang='lat' dir='ltr'><strong><em>infra,</em></strong></span> <span class='ocrx_word' id='word_1_356' title='bbox 1983 3191 2179 3245; x_wconf 83' lang='lat' dir='ltr'><strong><em>intelli-</em></strong></span> 
     </span>
    </p>
   </div>
   <div class='ocr_carea' id='block_1_48' title="bbox 597 3281 2178 3355">
    <p class='ocr_par' dir='ltr' id='par_1_48' title="bbox 597 3281 2178 3355">
     <span class='ocr_line' id='line_1_48' title="bbox 597 3281 2178 3355; baseline -0.003 -16"><span class='ocrx_word' id='word_1_357' title='bbox 597 3285 797 3355; x_wconf 85' lang='lat' dir='ltr'><strong><em>gentia.</em></strong></span> <span class='ocrx_word' id='word_1_358' title='bbox 828 3281 917 3337; x_wconf 85' lang='lat' dir='ltr'><strong><em>Ita</em></strong></span> <span class='ocrx_word' id='word_1_359' title='bbox 945 3283 1108 3350; x_wconf 88' lang='lat' dir='ltr'><strong><em>igitur</em></strong></span> <span class='ocrx_word' id='word_1_360' title='bbox 1136 3281 1193 3349; x_wconf 84' lang='lat' dir='ltr'><strong><em>fit</em></strong></span> <span class='ocrx_word' id='word_1_361' title='bbox 1215 3322 1231 3347; x_wconf 94' lang='lat'><strong><em>,</em></strong></span> <span class='ocrx_word' id='word_1_362' title='bbox 1275 3292 1332 3335; x_wconf 92' lang='lat' dir='ltr'><strong><em>ut</em></strong></span> <span class='ocrx_word' id='word_1_363' title='bbox 1373 3281 1769 3350; x_wconf 85' lang='lat' dir='ltr'><strong><em>manifestatum</em></strong></span> <span class='ocrx_word' id='word_1_364' title='bbox 1801 3281 1867 3334; x_wconf 91' lang='lat' dir='ltr'><strong><em>ab</em></strong></span> <span class='ocrx_word' id='word_1_365' title='bbox 1909 3281 2036 3347; x_wconf 79' lang='lat' dir='ltr'><strong><em>illis,</em></strong></span> <span class='ocrx_word' id='word_1_366' title='bbox 2061 3298 2178 3335; x_wconf 89' lang='lat' dir='ltr'><strong><em>cum</em></strong></span> 
     </span>
    </p>
   </div>
   <div class='ocr_carea' id='block_1_49' title="bbox 597 3370 2179 3441">
    <p class='ocr_par' dir='ltr' id='par_1_49' title="bbox 597 3370 2179 3441">
     <span class='ocr_line' id='line_1_49' title="bbox 597 3370 2179 3441; baseline -0.003 -12"><span class='ocrx_word' id='word_1_367' title='bbox 597 3389 763 3429; x_wconf 81' lang='lat' dir='ltr'><strong><em>unum</em></strong></span> <span class='ocrx_word' id='word_1_368' title='bbox 786 3374 878 3438; x_wconf 89' lang='lat' dir='ltr'><strong><em>sit,</em></strong></span> <span class='ocrx_word' id='word_1_369' title='bbox 906 3373 1201 3441; x_wconf 84' lang='lat' dir='ltr'><strong><em>reperiatur</em></strong></span> <span class='ocrx_word' id='word_1_370' title='bbox 1226 3370 1444 3436; x_wconf 73' lang='lat' dir='ltr'><strong><em>duplex,</em></strong></span> <span class='ocrx_word' id='word_1_371' title='bbox 1466 3371 1958 3440; x_wconf 78' lang='lat' dir='ltr'><strong><em>masculofemineus</em></strong></span> <span class='ocrx_word' id='word_1_372' title='bbox 1983 3372 2179 3425; x_wconf 85' lang='lat' dir='ltr'><strong><em>habens</em></strong></span> 
     </span>
    </p>
   </div>
   <div class='ocr_carea' id='block_1_50' title="bbox 598 3460 2180 3534">
    <p class='ocr_par' dir='ltr' id='par_1_50' title="bbox 598 3460 2180 3534">
     <span class='ocr_line' id='line_1_50' title="bbox 598 3460 2180 3534; baseline -0.002 -16"><span class='ocrx_word' id='word_1_373' title='bbox 598 3463 881 3534; x_wconf 79' lang='lat' dir='ltr'><strong><em>femineam</em></strong></span> <span class='ocrx_word' id='word_1_374' title='bbox 910 3462 967 3515; x_wconf 85' lang='lat' dir='ltr'><strong><em>in</em></strong></span> <span class='ocrx_word' id='word_1_375' title='bbox 1000 3477 1132 3516; x_wconf 78' lang='lat' dir='ltr'><strong><em>sese.</em></strong></span> <span class='ocrx_word' id='word_1_376' title='bbox 1171 3460 1237 3514; x_wconf 86' lang='lat' dir='ltr'><strong><em>In</em></strong></span> <span class='ocrx_word' id='word_1_377' title='bbox 1260 3462 1401 3513; x_wconf 83' lang='lat' dir='ltr'><strong><em>hunc</em></strong></span> <span class='ocrx_word' id='word_1_378' title='bbox 1424 3461 1638 3513; x_wconf 76' lang='lat' dir='ltr'><strong><em>modum</em></strong></span> <span class='ocrx_word' id='word_1_379' title='bbox 1665 3469 1740 3514; x_wconf 91' lang='lat' dir='ltr'><strong><em>est</em></strong></span> <span class='ocrx_word' id='word_1_380' title='bbox 1768 3477 1916 3515; x_wconf 88' lang='lat' dir='ltr'><strong><em>mens</em></strong></span> <span class='ocrx_word' id='word_1_381' title='bbox 1942 3462 1999 3515; x_wconf 89' lang='lat' dir='ltr'><strong><em>in</em></strong></span> <span class='ocrx_word' id='word_1_382' title='bbox 2027 3462 2180 3515; x_wconf 80' lang='lat' dir='ltr'><strong><em>intel-</em></strong></span> 
     </span>
    </p>
   </div>
   <div class='ocr_carea' id='block_1_51' title="bbox 597 3550 2177 3624">
    <p class='ocr_par' dir='ltr' id='par_1_51' title="bbox 597 3550 2177 3624">
     <span class='ocr_line' id='line_1_51' title="bbox 597 3550 2177 3624; baseline -0.002 -18"><span class='ocrx_word' id='word_1_383' title='bbox 597 3552 841 3624; x_wconf 83' lang='lat' dir='ltr'><strong><em>ligentia,</em></strong></span> <span class='ocrx_word' id='word_1_384' title='bbox 873 3566 991 3622; x_wconf 81' lang='lat' dir='ltr'><strong><em>qua:</em></strong></span> <span class='ocrx_word' id='word_1_385' title='bbox 1026 3551 1267 3620; x_wconf 84' lang='lat' dir='ltr'><strong><em>sejuncta</em></strong></span> <span class='ocrx_word' id='word_1_386' title='bbox 1295 3566 1327 3603; x_wconf 89' lang='lat' dir='ltr'><strong><em>a</em></strong></span> <span class='ocrx_word' id='word_1_387' title='bbox 1363 3565 1418 3603; x_wconf 86' lang='lat' dir='ltr'><strong><em>se</em></strong></span> <span class='ocrx_word' id='word_1_388' title='bbox 1450 3550 1690 3615; x_wconf 76' lang='lat' dir='ltr'><strong><em>inuicem,</em></strong></span> <span class='ocrx_word' id='word_1_389' title='bbox 1716 3565 1833 3603; x_wconf 88' lang='lat' dir='ltr'><strong><em>cum</em></strong></span> <span class='ocrx_word' id='word_1_390' title='bbox 1864 3551 1971 3604; x_wconf 87' lang='lat' dir='ltr'><strong><em>sint</em></strong></span> <span class='ocrx_word' id='word_1_391' title='bbox 1995 3565 2177 3615; x_wconf 90' lang='lat' dir='ltr'><strong><em>unum,</em></strong></span> 
     </span>
    </p>
   </div>
   <div class='ocr_carea' id='block_1_52' title="bbox 598 3632 1361 3715">
    <p class='ocr_par' dir='ltr' id='par_1_52' title="bbox 598 3632 1361 3715">
     <span class='ocr_line' id='line_1_52' title="bbox 598 3632 1361 3715; baseline -0.005 -16"><span class='ocrx_word' id='word_1_392' title='bbox 598 3644 937 3715; x_wconf 79' lang='lat' dir='ltr'><strong><em>reperiuntur</em></strong></span> <span class='ocrx_word' id='word_1_393' title='bbox 968 3644 1095 3698; x_wconf 87' lang='lat' dir='ltr'><strong><em>duo.</em></strong></span> <span class='ocrx_word' id='word_1_394' title='bbox 1360 3632 1361 3635; x_wconf 35' lang='grc'><em>“</em></span> 
     </span>
    </p>
   </div>
   <div class='ocr_carea' id='block_1_53' title="bbox 678 3732 2179 3806">
    <p class='ocr_par' dir='ltr' id='par_1_53' title="bbox 678 3732 2179 3806">
     <span class='ocr_line' id='line_1_53' title="bbox 678 3732 2179 3806; baseline -0.002 -16"><span class='ocrx_word' id='word_1_395' title='bbox 678 3737 769 3792; x_wconf 82' lang='grc'><strong><em>19.</em></strong></span> <span class='ocrx_word' id='word_1_396' title='bbox 804 3734 931 3791; x_wconf 77' lang='lat' dir='ltr'><strong><em>llme</em></strong></span> <span class='ocrx_word' id='word_1_397' title='bbox 952 3735 1118 3806; x_wconf 78' lang='lat' dir='ltr'><strong><em>igitur</em></strong></span> <span class='ocrx_word' id='word_1_398' title='bbox 1137 3742 1476 3790; x_wconf 84' lang='lat' dir='ltr'><strong><em>commentus</em></strong></span> <span class='ocrx_word' id='word_1_399' title='bbox 1497 3732 1683 3789; x_wconf 86' lang='lat' dir='ltr'><strong><em>Simon</em></strong></span> <span class='ocrx_word' id='word_1_400' title='bbox 1712 3750 1818 3790; x_wconf 93' lang='lat' dir='ltr'><strong><em>non</em></strong></span> <span class='ocrx_word' id='word_1_401' title='bbox 1840 3735 2012 3790; x_wconf 86' lang='lat' dir='ltr'><strong><em>solum</em></strong></span> <span class='ocrx_word' id='word_1_402' title='bbox 2036 3733 2179 3789; x_wconf 86' lang='lat' dir='ltr'><strong><em>dicta</em></strong></span> 
     </span>
    </p>
   </div>
   <div class='ocr_carea' id='block_1_54' title="bbox 598 3824 2179 3898">
    <p class='ocr_par' dir='ltr' id='par_1_54' title="bbox 598 3824 2179 3898">
     <span class='ocr_line' id='line_1_54' title="bbox 598 3824 2179 3898; baseline -0.001 -14"><span class='ocrx_word' id='word_1_403' title='bbox 598 3827 767 3884; x_wconf 74' lang='lat' dir='ltr'><strong><em>Mosis</em></strong></span> <span class='ocrx_word' id='word_1_404' title='bbox 793 3842 891 3898; x_wconf 90' lang='lat' dir='ltr'><strong><em>per</em></strong></span> <span class='ocrx_word' id='word_1_405' title='bbox 922 3824 1093 3882; x_wconf 88' lang='lat' dir='ltr'><strong><em>malas</em></strong></span> <span class='ocrx_word' id='word_1_406' title='bbox 1122 3835 1271 3881; x_wconf 86' lang='lat' dir='ltr'><strong><em>artes</em></strong></span> <span class='ocrx_word' id='word_1_407' title='bbox 1296 3826 1525 3882; x_wconf 77' lang='lat' dir='ltr'><strong><em>detorsit</em></strong></span> <span class='ocrx_word' id='word_1_408' title='bbox 1555 3825 1611 3880; x_wconf 89' lang='lat' dir='ltr'><strong><em>in</em></strong></span> <span class='ocrx_word' id='word_1_409' title='bbox 1645 3840 1709 3882; x_wconf 88' lang='lat' dir='ltr'><strong><em>ea</em></strong></span> <span class='ocrx_word' id='word_1_410' title='bbox 1737 3840 1859 3895; x_wconf 72' lang='lat' dir='ltr'><strong><em>qua:</em></strong></span> <span class='ocrx_word' id='word_1_411' title='bbox 1881 3825 2057 3892; x_wconf 90' lang='lat' dir='ltr'><strong><em>libuit,</em></strong></span> <span class='ocrx_word' id='word_1_412' title='bbox 2084 3826 2179 3882; x_wconf 88' lang='lat' dir='ltr'><strong><em>sed</em></strong></span> 
     </span>
    </p>
   </div>
   <div class='ocr_carea' id='block_1_55' title="bbox 598 3917 2179 3989">
    <p class='ocr_par' dir='ltr' id='par_1_55' title="bbox 598 3917 2179 3989">
     <span class='ocr_line' id='line_1_55' title="bbox 598 3917 2179 3989; baseline -0.004 -12"><span class='ocrx_word' id='word_1_413' title='bbox 598 3921 765 3979; x_wconf 83' lang='lat' dir='ltr'><strong><em>etiam</em></strong></span> <span class='ocrx_word' id='word_1_414' title='bbox 800 3927 1101 3989; x_wconf 87' lang='lat' dir='ltr'><strong><em>poetarum.</em></strong></span> <span class='ocrx_word' id='word_1_415' title='bbox 1136 3917 1349 3973; x_wconf 86' lang='lat' dir='ltr'><strong><em>Etenim</em></strong></span> <span class='ocrx_word' id='word_1_416' title='bbox 1375 3926 1430 3973; x_wconf 88' lang='lat' dir='ltr'><strong><em>et</em></strong></span> <span class='ocrx_word' id='word_1_417' title='bbox 1447 3933 1644 3988; x_wconf 82' lang='lat' dir='ltr'><strong><em>equum</em></strong></span> <span class='ocrx_word' id='word_1_418' title='bbox 1666 3917 1899 3988; x_wconf 84' lang='lat' dir='ltr'><strong><em>ligneum</em></strong></span> <span class='ocrx_word' id='word_1_419' title='bbox 1924 3917 2179 3973; x_wconf 85' lang='lat' dir='ltr'><strong><em>aliorsum</em></strong></span> 
     </span>
    </p>
   </div>
   <div class='ocr_carea' id='block_1_56' title="bbox 601 4009 2179 4079">
    <p class='ocr_par' dir='ltr' id='par_1_56' title="bbox 601 4009 2179 4079">
     <span class='ocr_line' id='line_1_56' title="bbox 601 4009 2179 4079; baseline -0.004 -11"><span class='ocrx_word' id='word_1_420' title='bbox 601 4010 838 4068; x_wconf 78' lang='lat' dir='ltr'><strong><em>deﬂectit</em></strong></span> <span class='ocrx_word' id='word_1_421' title='bbox 866 4019 924 4066; x_wconf 89' lang='lat' dir='ltr'><strong><em>et</em></strong></span> <span class='ocrx_word' id='word_1_422' title='bbox 946 4010 1208 4065; x_wconf 77' lang='lat' dir='ltr'><strong><em>Helenam</em></strong></span> <span class='ocrx_word' id='word_1_423' title='bbox 1240 4025 1363 4065; x_wconf 89' lang='lat' dir='ltr'><strong><em>cum</em></strong></span> <span class='ocrx_word' id='word_1_424' title='bbox 1404 4009 1651 4077; x_wconf 85' lang='lat' dir='ltr'><strong><em>lampade</em></strong></span> <span class='ocrx_word' id='word_1_425' title='bbox 1675 4018 1731 4065; x_wconf 89' lang='lat' dir='ltr'><strong><em>et</em></strong></span> <span class='ocrx_word' id='word_1_426' title='bbox 1755 4009 1857 4063; x_wconf 85' lang='lat' dir='ltr'><strong><em>alia</em></strong></span> <span class='ocrx_word' id='word_1_427' title='bbox 1888 4010 2179 4079; x_wconf 87' lang='lat' dir='ltr'><strong><em>permulta,</em></strong></span> 
     </span>
    </p>
   </div>
   <div class='ocr_carea' id='block_1_57' title="bbox 600 4101 2182 4172">
    <p class='ocr_par' dir='ltr' id='par_1_57' title="bbox 600 4101 2182 4172">
     <span class='ocr_line' id='line_1_57' title="bbox 600 4101 2182 4172; baseline -0.001 -16"><span class='ocrx_word' id='word_1_428' title='bbox 600 4116 722 4172; x_wconf 69' lang='lat' dir='ltr'><strong><em>quae</em></strong></span> <span class='ocrx_word' id='word_1_429' title='bbox 754 4101 846 4157; x_wconf 84' lang='lat' dir='ltr'><strong><em>ille</em></strong></span> <span class='ocrx_word' id='word_1_430' title='bbox 879 4102 1165 4156; x_wconf 86' lang='lat' dir='ltr'><strong><em>traducens</em></strong></span> <span class='ocrx_word' id='word_1_431' title='bbox 1209 4101 1262 4155; x_wconf 90' lang='lat' dir='ltr'><strong><em>in</em></strong></span> <span class='ocrx_word' id='word_1_432' title='bbox 1290 4115 1356 4155; x_wconf 84' lang='lat' dir='ltr'><strong><em>ea</em></strong></span> <span class='ocrx_word' id='word_1_433' title='bbox 1381 4115 1502 4171; x_wconf 72' lang='lat' dir='ltr'><strong><em>qua:</em></strong></span> <span class='ocrx_word' id='word_1_434' title='bbox 1539 4103 1811 4171; x_wconf 88' lang='lat' dir='ltr'><strong><em>pertinent</em></strong></span> <span class='ocrx_word' id='word_1_435' title='bbox 1837 4104 1903 4156; x_wconf 87' lang='lat' dir='ltr'><strong><em>ad</em></strong></span> <span class='ocrx_word' id='word_1_436' title='bbox 1929 4117 1998 4157; x_wconf 46' lang='lat' dir='ltr'><strong><em>.se</em></strong></span> <span class='ocrx_word' id='word_1_437' title='bbox 2033 4110 2089 4156; x_wconf 89' lang='lat' dir='ltr'><strong><em>et</em></strong></span> <span class='ocrx_word' id='word_1_438' title='bbox 2116 4101 2182 4155; x_wconf 88' lang='lat' dir='ltr'><strong><em>ad</em></strong></span> 
     </span>
    </p>
   </div>
   <div class='ocr_carea' id='block_1_58' title="bbox 602 4188 2183 4261">
    <p class='ocr_par' dir='ltr' id='par_1_58' title="bbox 602 4188 2183 4261">
     <span class='ocr_line' id='line_1_58' title="bbox 602 4188 2183 4261; baseline -0.002 -14"><span class='ocrx_word' id='word_1_439' title='bbox 602 4188 1014 4261; x_wconf 75' lang='lat' dir='ltr'><strong><em>intelligentiam</em></strong></span> <span class='ocrx_word' id='word_1_440' title='bbox 1058 4188 1349 4244; x_wconf 79' lang='lat' dir='ltr'><strong><em>fabulatur.</em></strong></span> <span class='ocrx_word' id='word_1_441' title='bbox 1410 4190 1546 4245; x_wconf 86' lang='lat' dir='ltr'><strong><em>Esse</em></strong></span> <span class='ocrx_word' id='word_1_442' title='bbox 1592 4200 1771 4244; x_wconf 85' lang='lat' dir='ltr'><strong><em>autem</em></strong></span> <span class='ocrx_word' id='word_1_443' title='bbox 1808 4194 1945 4246; x_wconf 85' lang='lat' dir='ltr'><strong><em>hanc</em></strong></span> <span class='ocrx_word' id='word_1_444' title='bbox 1970 4192 2183 4245; x_wconf 82' lang='lat' dir='ltr'><strong><em>dicebat</em></strong></span> 
     </span>
    </p>
   </div>
   <div class='ocr_carea' id='block_1_59' title="bbox 601 4276 2184 4349">
    <p class='ocr_par' dir='ltr' id='par_1_59' title="bbox 601 4276 2184 4349">
     <span class='ocr_line' id='line_1_59' title="bbox 601 4276 2184 4349; baseline -0.001 -14"><span class='ocrx_word' id='word_1_445' title='bbox 601 4294 756 4335; x_wconf 81' lang='lat' dir='ltr'><strong><em>ovem</em></strong></span> <span class='ocrx_word' id='word_1_446' title='bbox 778 4292 897 4347; x_wconf 64' lang='lat' dir='ltr'><strong><em>qua:</em></strong></span> <span class='ocrx_word' id='word_1_447' title='bbox 912 4276 1203 4343; x_wconf 83' lang='lat' dir='ltr'><strong><em>aberravit,</em></strong></span> <span class='ocrx_word' id='word_1_448' title='bbox 1230 4292 1348 4345; x_wconf 70' lang='lat' dir='ltr'><strong><em>quae</em></strong></span> <span class='ocrx_word' id='word_1_449' title='bbox 1369 4279 1585 4345; x_wconf 85' lang='lat' dir='ltr'><strong><em>quidem</em></strong></span> <span class='ocrx_word' id='word_1_450' title='bbox 1608 4294 1822 4349; x_wconf 82' lang='lat' dir='ltr'><strong><em>semper</em></strong></span> <span class='ocrx_word' id='word_1_451' title='bbox 1842 4295 2184 4334; x_wconf 72' lang='lat' dir='ltr'><strong><em>connunoraus</em></strong></span> 
     </span>
    </p>
   </div>
   <div class='ocr_carea' id='block_1_60' title="bbox 602 4368 2184 4438">
    <p class='ocr_par' dir='ltr' id='par_1_60' title="bbox 602 4368 2184 4438">
     <span class='ocr_line' id='line_1_60' title="bbox 602 4368 2184 4438; baseline -0.001 -12"><span class='ocrx_word' id='word_1_452' title='bbox 602 4371 658 4427; x_wconf 86' lang='lat' dir='ltr'><strong><em>in</em></strong></span> <span class='ocrx_word' id='word_1_453' title='bbox 680 4368 994 4423; x_wconf 85' lang='lat' dir='ltr'><strong><em>mulieribus</em></strong></span> <span class='ocrx_word' id='word_1_454' title='bbox 1013 4368 1267 4421; x_wconf 84' lang='lat' dir='ltr'><strong><em>turbabat</em></strong></span> <span class='ocrx_word' id='word_1_455' title='bbox 1284 4375 1582 4437; x_wconf 85' lang='lat' dir='ltr'><strong><em>potestates</em></strong></span> <span class='ocrx_word' id='word_1_456' title='bbox 1607 4382 1727 4438; x_wconf 66' lang='lat' dir='ltr'><strong><em>quae</em></strong></span> <span class='ocrx_word' id='word_1_457' title='bbox 1751 4380 1878 4425; x_wconf 87' lang='lat' dir='ltr'><strong><em>sunt</em></strong></span> <span class='ocrx_word' id='word_1_458' title='bbox 1903 4371 1954 4424; x_wconf 93' lang='lat' dir='ltr'><strong><em>in</em></strong></span> <span class='ocrx_word' id='word_1_459' title='bbox 1985 4372 2184 4425; x_wconf 80' lang='lat' dir='ltr'><strong><em>mumlo</em></strong></span> 
     </span>
    </p>
   </div>
   <div class='ocr_carea' id='block_1_61' title="bbox 602 4456 2182 4530">
    <p class='ocr_par' dir='ltr' id='par_1_61' title="bbox 602 4456 2182 4530">
     <span class='ocr_line' id='line_1_61' title="bbox 602 4456 2182 4530; baseline 0.001 -15"><span class='ocrx_word' id='word_1_460' title='bbox 602 4456 961 4530; x_wconf 57' lang='grc' dir='ltr'><strong><em>εει-255</em></strong></span> <span class='ocrx_word' id='word_1_461' title='bbox 1009 4467 1229 4527; x_wconf 86' lang='lat' dir='ltr'><strong><em>propter</em></strong></span> <span class='ocrx_word' id='word_1_462' title='bbox 1277 4458 1693 4529; x_wconf 82' lang='lat' dir='ltr'><strong><em>insuperabilem</em></strong></span> <span class='ocrx_word' id='word_1_463' title='bbox 1732 4460 2182 4528; x_wconf 80' lang='lat' dir='ltr'><strong><em>pulchritudinem</em></strong></span> 
     </span>
    </p>
   </div>
   <div class='ocr_carea' id='block_1_62' title="bbox 2269 1995 3831 2072">
    <p class='ocr_par' dir='ltr' id='par_1_62' title="bbox 2269 1995 3831 2072">
     <span class='ocr_line' id='line_1_62' title="bbox 2269 1995 3831 2072; baseline -0.004 -16"><span class='ocrx_word' id='word_1_464' title='bbox 2269 2003 2489 2072; x_wconf 80' lang='grc' dir='ltr'><em>ταύτης</em></span> <span class='ocrx_word' id='word_1_465' title='bbox 2521 2001 2901 2071; x_wconf 69' lang='grc' dir='ltr'><em>προελθοῦσα</em></span> <span class='ocrx_word' id='word_1_466' title='bbox 2933 2003 2971 2069; x_wconf 79' lang='grc' dir='ltr'><strong><em>ἡ</em></strong></span> <span class='ocrx_word' id='word_1_467' title='bbox 3011 2001 3081 2054; x_wconf 82' lang='grc' dir='ltr'><em>ἐν</em></span> <span class='ocrx_word' id='word_1_468' title='bbox 3106 2000 3387 2069; x_wconf 82' lang='grc' dir='ltr'><em>μονότητι</em></span> <span class='ocrx_word' id='word_1_469' title='bbox 3447 1998 3681 2052; x_wconf 81' lang='grc' dir='ltr'><em>ἐπίνοια</em></span> <span class='ocrx_word' id='word_1_470' title='bbox 3722 1995 3831 2065; x_wconf 47' lang='lat' dir='ltr'><strong><em>ert!»</em></strong></span> 
     </span>
    </p>
   </div>
   <div class='ocr_carea' id='block_1_63' title="bbox 2269 2084 3828 2163">
    <p class='ocr_par' dir='ltr' id='par_1_63' title="bbox 2269 2084 3828 2163">
     <span class='ocr_line' id='line_1_63' title="bbox 2269 2084 3828 2163; baseline -0.005 -14"><span class='ocrx_word' id='word_1_471' title='bbox 2269 2111 2405 2149; x_wconf 89' lang='grc' dir='ltr'><em>νετο</em></span> <span class='ocrx_word' id='word_1_472' title='bbox 2454 2093 2584 2148; x_wconf 78' lang='grc' dir='ltr'><strong><em>δύο.</em></strong></span> <span class='ocrx_word' id='word_1_473' title='bbox 2638 2092 2926 2161; x_wconf 79' lang='grc' dir='ltr'><em>Κάκεῖνος</em></span> <span class='ocrx_word' id='word_1_474' title='bbox 2955 2088 3034 2163; x_wconf 80' lang='grc' dir='ltr'><em>ἦν</em></span> <span class='ocrx_word' id='word_1_475' title='bbox 3058 2092 3146 2158; x_wconf 79' lang='grc' dir='ltr'><em>εἷς</em></span> <span class='ocrx_word' id='word_1_476' title='bbox 3165 2108 3180 2121; x_wconf 90' lang='grc'><strong>·</strong></span> <span class='ocrx_word' id='word_1_477' title='bbox 3221 2092 3382 2160; x_wconf 75' lang='grc' dir='ltr'><em>ἔχων</em></span> <span class='ocrx_word' id='word_1_478' title='bbox 3408 2090 3522 2162; x_wconf 59' lang='grc' dir='ltr'><strong><em>γὰρ</em></strong></span> <span class='ocrx_word' id='word_1_479' title='bbox 3549 2090 3619 2143; x_wconf 79' lang='grc' dir='ltr'><strong><em>ἐν</em></strong></span> <span class='ocrx_word' id='word_1_480' title='bbox 3657 2084 3828 2151; x_wconf 81' lang='grc' dir='ltr'><em>ἑαυτῷ</em></span> 
     </span>
    </p>
   </div>
   <div class='ocr_carea' id='block_1_64' title="bbox 2270 2179 3828 2254">
    <p class='ocr_par' dir='ltr' id='par_1_64' title="bbox 2270 2179 3828 2254">
     <span class='ocr_line' id='line_1_64' title="bbox 2270 2179 3828 2254; baseline -0.004 -15"><span class='ocrx_word' id='word_1_481' title='bbox 2270 2184 2466 2251; x_wconf 81' lang='grc' dir='ltr'><em>αὐτὴν</em></span> <span class='ocrx_word' id='word_1_482' title='bbox 2482 2179 2567 2253; x_wconf 84' lang='grc' dir='ltr'><em>ἦν</em></span> <span class='ocrx_word' id='word_1_483' title='bbox 2582 2183 2785 2253; x_wconf 84' lang='grc' dir='ltr'><em>μόνος,</em></span> <span class='ocrx_word' id='word_1_484' title='bbox 2805 2184 2876 2238; x_wconf 87' lang='grc' dir='ltr'><em>οὺ</em></span> <span class='ocrx_word' id='word_1_485' title='bbox 2890 2182 3095 2254; x_wconf 82' lang='grc' dir='ltr'><em>μέντοι</em></span> <span class='ocrx_word' id='word_1_486' title='bbox 3115 2180 3366 2252; x_wconf 82' lang='grc' dir='ltr'><em>πρῶτος,</em></span> <span class='ocrx_word' id='word_1_487' title='bbox 3384 2183 3601 2250; x_wconf 81' lang='grc' dir='ltr'><em>καίπερ</em></span> <span class='ocrx_word' id='word_1_488' title='bbox 3620 2186 3828 2249; x_wconf 61' lang='lat' dir='ltr'><strong><em>apol):-</em></strong></span> 
     </span>
    </p>
   </div>
   <div class='ocr_carea' id='block_1_65' title="bbox 2271 2270 3833 2344">
    <p class='ocr_par' dir='ltr' id='par_1_65' title="bbox 2271 2270 3833 2344">
     <span class='ocr_line' id='line_1_65' title="bbox 2271 2270 3833 2344; baseline -0.003 -17"><span class='ocrx_word' id='word_1_489' title='bbox 2271 2273 2471 2344; x_wconf 80' lang='grc' dir='ltr'><em>άρχων</em></span> <span class='ocrx_word' id='word_1_490' title='bbox 2498 2312 2513 2338; x_wconf 96' lang='grc'><strong><em>,</em></strong></span> <span class='ocrx_word' id='word_1_491' title='bbox 2547 2272 2758 2342; x_wconf 72' lang='grc' dir='ltr'><em>φανεὶς</em></span> <span class='ocrx_word' id='word_1_492' title='bbox 2798 2272 2868 2326; x_wconf 83' lang='grc' dir='ltr'><strong><em>δὲ</em></strong></span> <span class='ocrx_word' id='word_1_493' title='bbox 2900 2271 3062 2339; x_wconf 81' lang='grc' dir='ltr'><strong><em>αὑτῷ</em></strong></span> <span class='ocrx_word' id='word_1_494' title='bbox 3088 2271 3113 2303; x_wconf 77' lang='grc'><strong>⁸</strong></span> <span class='ocrx_word' id='word_1_495' title='bbox 3148 2272 3268 2328; x_wconf 78' lang='grc' dir='ltr'><strong><em>ἀπὸ</em></strong></span> <span class='ocrx_word' id='word_1_496' title='bbox 3322 2272 3583 2335; x_wconf 80' lang='grc' dir='ltr'><em>ἑαυτοῦ,</em></span> <span class='ocrx_word' id='word_1_497' title='bbox 3621 2270 3833 2342; x_wconf 71' lang='grc' dir='ltr'><em>ἐγένετο</em></span> 
     </span>
    </p>
   </div>
   <div class='ocr_carea' id='block_1_66' title="bbox 2272 2361 3831 2434">
    <p class='ocr_par' dir='ltr' id='par_1_66' title="bbox 2272 2361 3831 2434">
     <span class='ocr_line' id='line_1_66' title="bbox 2272 2361 3831 2434; baseline -0.004 -14"><span class='ocrx_word' id='word_1_498' title='bbox 2272 2366 2576 2434; x_wconf 78' lang='grc' dir='ltr'><em>δεύτερος.</em></span> <span class='ocrx_word' id='word_1_499' title='bbox 2592 2364 2778 2420; x_wconf 69' lang='grc' dir='ltr'><em>Ἀλλὰ</em></span> <span class='ocrx_word' id='word_1_500' title='bbox 2809 2363 2953 2419; x_wconf 82' lang='grc' dir='ltr'><strong><em>οὐδὲ</em></strong></span> <span class='ocrx_word' id='word_1_501' title='bbox 2982 2364 3180 2434; x_wconf 81' lang='grc' dir='ltr'><em>πατὴρ</em></span> <span class='ocrx_word' id='word_1_502' title='bbox 3204 2365 3434 2433; x_wconf 69' lang='grc' dir='ltr'><em>ἐκλήθη</em></span> <span class='ocrx_word' id='word_1_503' title='bbox 3446 2365 3591 2434; x_wconf 71' lang='grc' dir='ltr'><em>πρὶν</em></span> <span class='ocrx_word' id='word_1_504' title='bbox 3613 2361 3792 2429; x_wconf 58' lang='grc' dir='ltr'><em>αὐτὴν</em></span> <span class='ocrx_word' id='word_1_505' title='bbox 3812 2362 3831 2392; x_wconf 81' lang='grc'>⁹</span> 
     </span>
    </p>
   </div>
   <div class='ocr_carea' id='block_1_67' title="bbox 2273 2446 3835 2527">
    <p class='ocr_par' dir='ltr' id='par_1_67' title="bbox 2273 2446 3835 2527">
     <span class='ocr_line' id='line_1_67' title="bbox 2273 2446 3835 2527; baseline -0.005 -13"><span class='ocrx_word' id='word_1_506' title='bbox 2273 2458 2461 2514; x_wconf 83' lang='grc' dir='ltr'><em>αὑτὸν</em></span> <span class='ocrx_word' id='word_1_507' title='bbox 2492 2457 2782 2526; x_wconf 75' lang='grc' dir='ltr'><em>ὀνομάσαι</em></span> <span class='ocrx_word' id='word_1_508' title='bbox 2799 2457 2846 2490; x_wconf 79' lang='grc'><strong><em>¹⁰</em></strong></span> <span class='ocrx_word' id='word_1_509' title='bbox 2876 2458 3123 2527; x_wconf 81' lang='grc' dir='ltr'><em>πατέρα.</em></span> <span class='ocrx_word' id='word_1_510' title='bbox 3165 2458 3266 2523; x_wconf 84' lang='grc' dir='ltr'><strong><em>Ὠς</em></strong></span> <span class='ocrx_word' id='word_1_511' title='bbox 3285 2446 3401 2512; x_wconf 81' lang='grc' dir='ltr'><em>οὖν</em></span> <span class='ocrx_word' id='word_1_512' title='bbox 3426 2457 3613 2523; x_wconf 80' lang='grc' dir='ltr'><em>αὐτὸς</em></span> <span class='ocrx_word' id='word_1_513' title='bbox 3640 2452 3835 2509; x_wconf 76' lang='grc' dir='ltr'><em>ἑαυτὸν</em></span> 
     </span>
    </p>
   </div>
   <div class='ocr_carea' id='block_1_68' title="bbox 2274 2546 3830 2621">
    <p class='ocr_par' dir='ltr' id='par_1_68' title="bbox 2274 2546 3830 2621">
     <span class='ocr_line' id='line_1_68' title="bbox 2274 2546 3830 2621; baseline -0.003 -15"><span class='ocrx_word' id='word_1_514' title='bbox 2274 2550 2395 2606; x_wconf 78' lang='grc' dir='ltr'><strong><em>ὑπὸ</em></strong></span> <span class='ocrx_word' id='word_1_515' title='bbox 2432 2550 2649 2605; x_wconf 71' lang='grc' dir='ltr'><em>ἑαυτοῦ</em></span> <span class='ocrx_word' id='word_1_516' title='bbox 2692 2552 3047 2621; x_wconf 74' lang='grc' dir='ltr'><em>προαγαγὼν</em></span> <span class='ocrx_word' id='word_1_517' title='bbox 3083 2550 3471 2621; x_wconf 66' lang='grc' dir='ltr'><em>ἐφανέρωσεν</em></span> <span class='ocrx_word' id='word_1_518' title='bbox 3510 2548 3699 2615; x_wconf 78' lang='grc' dir='ltr'><em>ἑαυτῷ</em></span> <span class='ocrx_word' id='word_1_519' title='bbox 3729 2546 3830 2616; x_wconf 75' lang='grc' dir='ltr'><em>τὴν</em></span> 
     </span>
    </p>
   </div>
   <div class='ocr_carea' id='block_1_69' title="bbox 2276 2639 3832 2713">
    <p class='ocr_par' dir='ltr' id='par_1_69' title="bbox 2276 2639 3832 2713">
     <span class='ocr_line' id='line_1_69' title="bbox 2276 2639 3832 2713; baseline -0.001 -16"><span class='ocrx_word' id='word_1_520' title='bbox 2276 2642 2434 2697; x_wconf 83' lang='grc' dir='ltr'><em>ιδίαν</em></span> <span class='ocrx_word' id='word_1_521' title='bbox 2459 2642 2766 2709; x_wconf 83' lang='grc' dir='ltr'><em>ἐπίνοιαν,</em></span> <span class='ocrx_word' id='word_1_522' title='bbox 2797 2642 2988 2708; x_wconf 82' lang='grc' dir='ltr'><em>οὕτως</em></span> <span class='ocrx_word' id='word_1_523' title='bbox 3030 2643 3128 2697; x_wconf 76' lang='grc' dir='ltr'><em>καὶ</em></span> <span class='ocrx_word' id='word_1_524' title='bbox 3162 2644 3202 2711; x_wconf 78' lang='grc' dir='ltr'><strong><em>η</em></strong></span> <span class='ocrx_word' id='word_1_525' title='bbox 3241 2641 3510 2713; x_wconf 76' lang='grc' dir='ltr'><em>φανεῖσα</em></span> <span class='ocrx_word' id='word_1_526' title='bbox 3538 2642 3765 2696; x_wconf 83' lang='grc' dir='ltr'><em>ἐπίνοια</em></span> <span class='ocrx_word' id='word_1_527' title='bbox 3795 2639 3832 2670; x_wconf 84' lang='grc'><strong><em>¹¹</em></strong></span> 
     </span>
    </p>
   </div>
   <div class='ocr_carea' id='block_1_70' title="bbox 2277 2731 3837 2803">
    <p class='ocr_par' dir='ltr' id='par_1_70' title="bbox 2277 2731 3837 2803">
     <span class='ocr_line' id='line_1_70' title="bbox 2277 2731 3837 2803; baseline -0.002 -15"><span class='ocrx_word' id='word_1_528' title='bbox 2277 2735 2389 2788; x_wconf 75' lang='grc' dir='ltr'><strong><em>οὐκ</em></strong></span> <span class='ocrx_word' id='word_1_529' title='bbox 2418 2733 2731 2802; x_wconf 86' lang='grc' dir='ltr'><em>ἐποίησεν,</em></span> <span class='ocrx_word' id='word_1_530' title='bbox 2764 2734 2929 2789; x_wconf 72' lang='grc' dir='ltr'><em>ἀλλὰ</em></span> <span class='ocrx_word' id='word_1_531' title='bbox 2951 2733 3167 2788; x_wconf 75' lang='grc' dir='ltr'><em>ἰδοῦσα</em></span> <span class='ocrx_word' id='word_1_532' title='bbox 3204 2734 3393 2789; x_wconf 84' lang='grc' dir='ltr'><em>αὑτὸν</em></span> <span class='ocrx_word' id='word_1_533' title='bbox 3416 2733 3718 2803; x_wconf 71' lang='grc' dir='ltr'><em>ἐνέκρυψε</em></span> <span class='ocrx_word' id='word_1_534' title='bbox 3742 2731 3837 2786; x_wconf 82' lang='grc' dir='ltr'><em>τὸν</em></span> 
     </span>
    </p>
   </div>
   <div class='ocr_carea' id='block_1_71' title="bbox 2278 2824 3835 2896">
    <p class='ocr_par' dir='ltr' id='par_1_71' title="bbox 2278 2824 3835 2896">
     <span class='ocr_line' id='line_1_71' title="bbox 2278 2824 3835 2896; baseline -0.001 -17"><span class='ocrx_word' id='word_1_535' title='bbox 2278 2824 2505 2894; x_wconf 85' lang='grc' dir='ltr'><em>πατέρα</em></span> <span class='ocrx_word' id='word_1_536' title='bbox 2526 2826 2595 2879; x_wconf 81' lang='grc' dir='ltr'><strong><em>έν</em></strong></span> <span class='ocrx_word' id='word_1_537' title='bbox 2622 2824 2827 2894; x_wconf 79' lang='grc' dir='ltr'><em>ἑαυτῇ,</em></span> <span class='ocrx_word' id='word_1_538' title='bbox 2854 2826 3130 2880; x_wconf 82' lang='grc' dir='ltr'><em>τουτέστι</em></span> <span class='ocrx_word' id='word_1_539' title='bbox 3157 2826 3273 2895; x_wconf 81' lang='grc' dir='ltr'><em>τὴν</em></span> <span class='ocrx_word' id='word_1_540' title='bbox 3299 2825 3588 2896; x_wconf 85' lang='grc' dir='ltr'><em>δύναμιν,</em></span> <span class='ocrx_word' id='word_1_541' title='bbox 3613 2826 3709 2880; x_wconf 80' lang='grc' dir='ltr'><em>καὶ</em></span> <span class='ocrx_word' id='word_1_542' title='bbox 3742 2824 3835 2879; x_wconf 72' lang='grc' dir='ltr'><em>ἐσ-</em></span> 
     </span>
    </p>
   </div>
   <div class='ocr_carea' id='block_1_72' title="bbox 2279 2917 3837 2989">
    <p class='ocr_par' dir='ltr' id='par_1_72' title="bbox 2279 2917 3837 2989">
     <span class='ocr_line' id='line_1_72' title="bbox 2279 2917 3837 2989; baseline 0.001 -18"><span class='ocrx_word' id='word_1_543' title='bbox 2279 2934 2376 2971; x_wconf 84' lang='grc' dir='ltr'><strong><em>τιν</em></strong></span> <span class='ocrx_word' id='word_1_544' title='bbox 2408 2917 2826 2987; x_wconf 73' lang='grc' dir='ltr'><em>ἁρσενόθηλυς</em></span> <span class='ocrx_word' id='word_1_545' title='bbox 2855 2917 3111 2989; x_wconf 84' lang='grc' dir='ltr'><em>δύναμις</em></span> <span class='ocrx_word' id='word_1_546' title='bbox 3142 2919 3240 2973; x_wconf 77' lang='grc' dir='ltr'><strong><em>καὶ</em></strong></span> <span class='ocrx_word' id='word_1_547' title='bbox 3266 2918 3508 2973; x_wconf 82' lang='grc' dir='ltr'><em>ἐπίνοια</em></span> <span class='ocrx_word' id='word_1_548' title='bbox 3536 2961 3553 2985; x_wconf 94' lang='grc'><strong><em>,</em></strong></span> <span class='ocrx_word' id='word_1_549' title='bbox 3583 2919 3721 2973; x_wconf 83' lang='grc' dir='ltr'><em>ὅθεν</em></span> <span class='ocrx_word' id='word_1_550' title='bbox 3741 2919 3837 2973; x_wconf 75' lang='grc' dir='ltr'><strong><em>ἁλ-</em></strong></span> 
     </span>
    </p>
   </div>
   <div class='ocr_carea' id='block_1_73' title="bbox 2278 3007 3836 3081">
    <p class='ocr_par' dir='ltr' id='par_1_73' title="bbox 2278 3007 3836 3081">
     <span class='ocr_line' id='line_1_73' title="bbox 2278 3007 3836 3081; baseline -0.001 -19"><span class='ocrx_word' id='word_1_551' title='bbox 2278 3008 2493 3075; x_wconf 73' lang='grc' dir='ltr'><em>λήλοις</em></span> <span class='ocrx_word' id='word_1_552' title='bbox 2522 3010 3013 3078; x_wconf 83' lang='grc' dir='ltr'><em>ἀντιστοιχοῦσιν</em></span> <span class='ocrx_word' id='word_1_553' title='bbox 3052 3009 3282 3081; x_wconf 81' lang='grc' dir='ltr'><strong><em>(οὐδὲν</em></strong></span> <span class='ocrx_word' id='word_1_554' title='bbox 3312 3010 3425 3081; x_wconf 73' lang='grc' dir='ltr'><strong><em>γὰρ</em></strong></span> <span class='ocrx_word' id='word_1_555' title='bbox 3467 3009 3726 3079; x_wconf 71' lang='grc' dir='ltr'><em>διαφέρει</em></span> <span class='ocrx_word' id='word_1_556' title='bbox 3747 3007 3836 3061; x_wconf 79' lang='grc' dir='ltr'><strong><em>δύ-</em></strong></span> 
     </span>
    </p>
   </div>
   <div class='ocr_carea' id='block_1_74' title="bbox 2281 3100 3836 3171">
    <p class='ocr_par' dir='ltr' id='par_1_74' title="bbox 2281 3100 3836 3171">
     <span class='ocr_line' id='line_1_74' title="bbox 2281 3100 3836 3171; baseline 0.001 -17"><span class='ocrx_word' id='word_1_557' title='bbox 2281 3117 2457 3171; x_wconf 86' lang='grc' dir='ltr'><em>ναμις</em></span> <span class='ocrx_word' id='word_1_558' title='bbox 2484 3101 2792 3169; x_wconf 81' lang='grc' dir='ltr'><em>ἐπινοίας)</em></span> <span class='ocrx_word' id='word_1_559' title='bbox 2836 3101 2907 3154; x_wconf 79' lang='grc' dir='ltr'><em>ἐν</em></span> <span class='ocrx_word' id='word_1_560' title='bbox 2933 3101 3125 3167; x_wconf 80' lang='grc' dir='ltr'><em>ὄντες.</em></span> <span class='ocrx_word' id='word_1_561' title='bbox 3168 3102 3273 3155; x_wconf 80' lang='grc' dir='ltr'><em>Ἐκ</em></span> <span class='ocrx_word' id='word_1_562' title='bbox 3297 3100 3419 3171; x_wconf 78' lang='grc' dir='ltr'><strong><em>μὲν</em></strong></span> <span class='ocrx_word' id='word_1_563' title='bbox 3459 3100 3583 3155; x_wconf 83' lang='grc' dir='ltr'><strong><em>τῶν</em></strong></span> <span class='ocrx_word' id='word_1_564' title='bbox 3610 3102 3726 3154; x_wconf 79' lang='grc' dir='ltr'><em>ἀνω</em></span> <span class='ocrx_word' id='word_1_565' title='bbox 3746 3102 3836 3155; x_wconf 81' lang='grc' dir='ltr'><strong><em>εὐ·</em></strong></span> 
     </span>
    </p>
   </div>
   <div class='ocr_carea' id='block_1_75' title="bbox 2277 3191 3837 3263">
    <p class='ocr_par' dir='ltr' id='par_1_75' title="bbox 2277 3191 3837 3263">
     <span class='ocr_line' id='line_1_75' title="bbox 2277 3191 3837 3263; baseline -0.003 -17"><span class='ocrx_word' id='word_1_566' title='bbox 2277 3192 2559 3262; x_wconf 77' lang='grc' dir='ltr'><em>ρίσκεται</em></span> <span class='ocrx_word' id='word_1_567' title='bbox 2592 3193 2603 3263; x_wconf 97' lang='lat'>|</span> <span class='ocrx_word' id='word_1_568' title='bbox 2636 3191 2894 3263; x_wconf 79' lang='grc' dir='ltr'><em>δύναμις</em></span> <span class='ocrx_word' id='word_1_569' title='bbox 2922 3233 2940 3258; x_wconf 90' lang='grc'><strong><em>,</em></strong></span> <span class='ocrx_word' id='word_1_570' title='bbox 2995 3192 3064 3246; x_wconf 76' lang='grc' dir='ltr'><strong><em>ἐκ</em></strong></span> <span class='ocrx_word' id='word_1_571' title='bbox 3114 3192 3184 3246; x_wconf 80' lang='grc' dir='ltr'><strong><em>δὲ</em></strong></span> <span class='ocrx_word' id='word_1_572' title='bbox 3226 3192 3347 3246; x_wconf 85' lang='grc' dir='ltr'><strong><em>τῶν</em></strong></span> <span class='ocrx_word' id='word_1_573' title='bbox 3393 3191 3562 3247; x_wconf 83' lang='grc' dir='ltr'><em>κάτω</em></span> <span class='ocrx_word' id='word_1_574' title='bbox 3605 3192 3837 3246; x_wconf 79' lang='grc' dir='ltr'><em>ἐπίνοια.</em></span> 
     </span>
    </p>
   </div>
   <div class='ocr_carea' id='block_1_76' title="bbox 2286 3281 3839 3352">
    <p class='ocr_par' dir='ltr' id='par_1_76' title="bbox 2286 3281 3839 3352">
     <span class='ocr_line' id='line_1_76' title="bbox 2286 3281 3839 3352; baseline 0 -17"><span class='ocrx_word' id='word_1_575' title='bbox 2286 3283 2494 3336; x_wconf 84' lang='grc' dir='ltr'><em>Ἔστιν</em></span> <span class='ocrx_word' id='word_1_576' title='bbox 2516 3282 2630 3337; x_wconf 82' lang='grc' dir='ltr'><em>οὖν</em></span> <span class='ocrx_word' id='word_1_577' title='bbox 2652 3283 2842 3349; x_wconf 82' lang='grc' dir='ltr'><em>οὕτως</em></span> <span class='ocrx_word' id='word_1_578' title='bbox 2869 3284 2971 3338; x_wconf 78' lang='grc' dir='ltr'><em>καὶ</em></span> <span class='ocrx_word' id='word_1_579' title='bbox 3009 3283 3076 3337; x_wconf 86' lang='grc' dir='ltr'><em>τὸ</em></span> <span class='ocrx_word' id='word_1_580' title='bbox 3116 3283 3313 3352; x_wconf 71' lang='grc' dir='ltr'><em>φανὲν</em></span> <span class='ocrx_word' id='word_1_581' title='bbox 3340 3283 3444 3337; x_wconf 73' lang='grc' dir='ltr'><strong><em>ἀπ’</em></strong></span> <span class='ocrx_word' id='word_1_582' title='bbox 3475 3283 3674 3339; x_wconf 81' lang='grc' dir='ltr'><em>αὐτῶν</em></span> <span class='ocrx_word' id='word_1_583' title='bbox 3700 3284 3759 3347; x_wconf 86' lang='grc'><strong><em>¹¹,</em></strong></span> <span class='ocrx_word' id='word_1_584' title='bbox 3777 3281 3839 3335; x_wconf 76' lang='grc' dir='ltr'><strong><em>ἐν</em></strong></span> 
     </span>
    </p>
   </div>
   <div class='ocr_carea' id='block_1_77' title="bbox 2286 3374 3839 3445">
    <p class='ocr_par' dir='ltr' id='par_1_77' title="bbox 2286 3374 3839 3445">
     <span class='ocr_line' id='line_1_77' title="bbox 2286 3374 3839 3445; baseline 0.001 -17"><span class='ocrx_word' id='word_1_585' title='bbox 2286 3374 2384 3441; x_wconf 81' lang='grc' dir='ltr'><em>ὃν,</em></span> <span class='ocrx_word' id='word_1_586' title='bbox 2423 3374 2532 3429; x_wconf 84' lang='grc' dir='ltr'><strong><em>δύο</em></strong></span> <span class='ocrx_word' id='word_1_587' title='bbox 2556 3376 2959 3444; x_wconf 78' lang='grc' dir='ltr'><em>εὑρίσκεσθαι,</em></span> <span class='ocrx_word' id='word_1_588' title='bbox 2987 3376 3409 3445; x_wconf 73' lang='grc' dir='ltr'><em>ἀρσενόθηλυς</em></span> <span class='ocrx_word' id='word_1_589' title='bbox 3434 3377 3597 3445; x_wconf 78' lang='grc' dir='ltr'><em>έχων</em></span> <span class='ocrx_word' id='word_1_590' title='bbox 3622 3375 3730 3444; x_wconf 81' lang='grc' dir='ltr'><em>τὴν</em></span> <span class='ocrx_word' id='word_1_591' title='bbox 3750 3375 3839 3440; x_wconf 74' lang='grc' dir='ltr'><strong><em>θή-</em></strong></span> 
     </span>
    </p>
   </div>
   <div class='ocr_carea' id='block_1_78' title="bbox 2281 3466 3837 3534">
    <p class='ocr_par' dir='ltr' id='par_1_78' title="bbox 2281 3466 3837 3534">
     <span class='ocr_line' id='line_1_78' title="bbox 2281 3466 3837 3534; baseline 0 -15"><span class='ocrx_word' id='word_1_592' title='bbox 2281 3468 2458 3520; x_wconf 70' lang='grc' dir='ltr'><em>λειαν</em></span> <span class='ocrx_word' id='word_1_593' title='bbox 2490 3467 2562 3520; x_wconf 83' lang='grc' dir='ltr'><strong><em>ἐν</em></strong></span> <span class='ocrx_word' id='word_1_594' title='bbox 2589 3466 2802 3533; x_wconf 80' lang='grc' dir='ltr'><em>ἐαυτῷ.</em></span> <span class='ocrx_word' id='word_1_595' title='bbox 2841 3468 3042 3534; x_wconf 84' lang='grc' dir='ltr'><em>Οὕτως</em></span> <span class='ocrx_word' id='word_1_596' title='bbox 3082 3468 3126 3500; x_wconf 86' lang='grc'><strong><em>¹³</em></strong></span> <span class='ocrx_word' id='word_1_597' title='bbox 3155 3467 3288 3522; x_wconf 78' lang='grc' dir='ltr'><em>ἐστὶ</em></span> <span class='ocrx_word' id='word_1_598' title='bbox 3316 3467 3467 3534; x_wconf 86' lang='grc' dir='ltr'><em>νοῦς</em></span> <span class='ocrx_word' id='word_1_599' title='bbox 3496 3468 3570 3522; x_wconf 82' lang='grc' dir='ltr'><strong><em>ἐν</em></strong></span> <span class='ocrx_word' id='word_1_600' title='bbox 3601 3467 3837 3533; x_wconf 76' lang='grc' dir='ltr'><em>ἐπινοίᾳ,</em></span> 
     </span>
    </p>
   </div>
   <div class='ocr_carea' id='block_1_79' title="bbox 2281 3551 3840 3624">
    <p class='ocr_par' dir='ltr' id='par_1_79' title="bbox 2281 3551 3840 3624">
     <span class='ocr_line' id='line_1_79' title="bbox 2281 3551 3840 3624; baseline 0.001 -17"><span class='ocrx_word' id='word_1_601' title='bbox 2281 3551 2320 3607; x_wconf 81' lang='grc' dir='ltr'>ἆ</span> <span class='ocrx_word' id='word_1_602' title='bbox 2349 3554 2612 3623; x_wconf 78' lang='grc' dir='ltr'><em>χωριστὰ</em></span> <span class='ocrx_word' id='word_1_603' title='bbox 2656 3555 2699 3587; x_wconf 67' lang='grc'><strong><em>’⁸</em></strong></span> <span class='ocrx_word' id='word_1_604' title='bbox 2727 3556 2828 3610; x_wconf 75' lang='grc' dir='ltr'><strong><em>ἀπ’</em></strong></span> <span class='ocrx_word' id='word_1_605' title='bbox 2867 3554 3179 3623; x_wconf 68' lang='grc' dir='ltr'><em>ἀλλήλων,</em></span> <span class='ocrx_word' id='word_1_606' title='bbox 3214 3556 3283 3610; x_wconf 80' lang='grc' dir='ltr'><strong><em>ἐν</em></strong></span> <span class='ocrx_word' id='word_1_607' title='bbox 3323 3555 3527 3623; x_wconf 78' lang='grc' dir='ltr'><em>ὄντες,</em></span> <span class='ocrx_word' id='word_1_608' title='bbox 3559 3555 3669 3610; x_wconf 85' lang='grc' dir='ltr'><strong><em>δύο</em></strong></span> <span class='ocrx_word' id='word_1_609' title='bbox 3702 3554 3840 3624; x_wconf 81' lang='grc' dir='ltr'><em>εὑρί-</em></span> 
     </span>
    </p>
   </div>
   <div class='ocr_carea' id='block_1_80' title="bbox 2283 3659 2551 3700">
    <p class='ocr_par' dir='ltr' id='par_1_80' title="bbox 2283 3659 2551 3700">
     <span class='ocr_line' id='line_1_80' title="bbox 2283 3659 2551 3700; baseline 0.004 -1"><span class='ocrx_word' id='word_1_610' title='bbox 2283 3659 2551 3700; x_wconf 62' lang='lat' dir='ltr'><strong><em>Uxorem.</em></strong></span> 
     </span>
    </p>
   </div>
   <div class='ocr_carea' id='block_1_81' title="bbox 2356 3730 3842 3809">
    <p class='ocr_par' dir='ltr' id='par_1_81' title="bbox 2356 3730 3842 3809">
     <span class='ocr_line' id='line_1_81' title="bbox 2356 3730 3842 3809; baseline -0.003 -18"><span class='ocrx_word' id='word_1_611' title='bbox 2356 3737 2443 3791; x_wconf 77' lang='grc' dir='ltr'><strong><em>ιϐ’.</em></strong></span> <span class='ocrx_word' id='word_1_612' title='bbox 2472 3735 2657 3790; x_wconf 80' lang='grc' dir='ltr'><em>Ταῦτα</em></span> <span class='ocrx_word' id='word_1_613' title='bbox 2698 3735 2797 3807; x_wconf 83' lang='grc' dir='ltr'><strong><em>μὲν</em></strong></span> <span class='ocrx_word' id='word_1_614' title='bbox 2829 3730 2922 3790; x_wconf 79' lang='grc' dir='ltr'><em>οὖν</em></span> <span class='ocrx_word' id='word_1_615' title='bbox 2948 3737 2977 3791; x_wconf 86' lang='grc' dir='ltr'><strong>ὁ</strong></span> <span class='ocrx_word' id='word_1_616' title='bbox 3019 3736 3202 3806; x_wconf 81' lang='grc' dir='ltr'><em>Σίμων</em></span> <span class='ocrx_word' id='word_1_617' title='bbox 3228 3735 3478 3809; x_wconf 84' lang='grc' dir='ltr'><em>ἐφευρὼν</em></span> <span class='ocrx_word' id='word_1_618' title='bbox 3516 3736 3579 3791; x_wconf 77' lang='grc' dir='ltr'><em>οὐ</em></span> <span class='ocrx_word' id='word_1_619' title='bbox 3605 3736 3756 3808; x_wconf 82' lang='grc' dir='ltr'><em>μόνον</em></span> <span class='ocrx_word' id='word_1_620' title='bbox 3780 3732 3842 3786; x_wconf 82' lang='grc' dir='ltr'><em>τὰ</em></span> 
     </span>
    </p>
   </div>
   <div class='ocr_carea' id='block_1_82' title="bbox 2283 3824 3839 3897">
    <p class='ocr_par' dir='ltr' id='par_1_82' title="bbox 2283 3824 3839 3897">
     <span class='ocr_line' id='line_1_82' title="bbox 2283 3824 3839 3897; baseline -0.003 -17"><span class='ocrx_word' id='word_1_621' title='bbox 2283 3824 2518 3889; x_wconf 77' lang='grc' dir='ltr'><em>Μωσέως</em></span> <span class='ocrx_word' id='word_1_622' title='bbox 2548 3825 2954 3896; x_wconf 77' lang='grc' dir='ltr'><em>κακοτεχνήσας</em></span> <span class='ocrx_word' id='word_1_623' title='bbox 2985 3828 3065 3891; x_wconf 84' lang='grc' dir='ltr'><em>εἰς</em></span> <span class='ocrx_word' id='word_1_624' title='bbox 3102 3827 3132 3879; x_wconf 85' lang='grc' dir='ltr'><strong>ὃ</strong></span> <span class='ocrx_word' id='word_1_625' title='bbox 3193 3826 3445 3881; x_wconf 77' lang='grc' dir='ltr'><em>ἐϐούλετο</em></span> <span class='ocrx_word' id='word_1_626' title='bbox 3475 3826 3839 3897; x_wconf 69' lang='grc' dir='ltr'><em>μεθηρμηνευ-</em></span> 
     </span>
    </p>
   </div>
   <div class='ocr_carea' id='block_1_83' title="bbox 2284 3911 3840 3988">
    <p class='ocr_par' dir='ltr' id='par_1_83' title="bbox 2284 3911 3840 3988">
     <span class='ocr_line' id='line_1_83' title="bbox 2284 3911 3840 3988; baseline -0.003 -19"><span class='ocrx_word' id='word_1_627' title='bbox 2284 3931 2397 3981; x_wconf 87' lang='grc' dir='ltr'><em>σεν,</em></span> <span class='ocrx_word' id='word_1_628' title='bbox 2424 3915 2561 3971; x_wconf 75' lang='grc' dir='ltr'><em>ἀλλὰ</em></span> <span class='ocrx_word' id='word_1_629' title='bbox 2584 3917 2677 3969; x_wconf 72' lang='grc' dir='ltr'><strong><em>καὶ</em></strong></span> <span class='ocrx_word' id='word_1_630' title='bbox 2724 3915 2791 3969; x_wconf 85' lang='grc' dir='ltr'><em>τὰ</em></span> <span class='ocrx_word' id='word_1_631' title='bbox 2826 3916 2937 3969; x_wconf 87' lang='grc' dir='ltr'><strong><em>τῶν</em></strong></span> <span class='ocrx_word' id='word_1_632' title='bbox 2973 3918 3017 3949; x_wconf 81' lang='grc'><strong><em>¹⁵</em></strong></span> <span class='ocrx_word' id='word_1_633' title='bbox 3056 3917 3320 3988; x_wconf 85' lang='grc' dir='ltr'><em>ποιητῶν.</em></span> <span class='ocrx_word' id='word_1_634' title='bbox 3350 3916 3461 3971; x_wconf 70' lang='grc' dir='ltr'><strong><em>Καὶ</em></strong></span> <span class='ocrx_word' id='word_1_635' title='bbox 3495 3918 3609 3988; x_wconf 82' lang='grc' dir='ltr'><strong><em>γὰρ</em></strong></span> <span class='ocrx_word' id='word_1_636' title='bbox 3634 3915 3719 3968; x_wconf 83' lang='grc' dir='ltr'><em>τδν</em></span> <span class='ocrx_word' id='word_1_637' title='bbox 3738 3911 3840 3965; x_wconf 79' lang='grc' dir='ltr'><strong><em>δού-</em></strong></span> 
     </span>
    </p>
   </div>
   <div class='ocr_carea' id='block_1_84' title="bbox 2285 4004 3839 4081">
    <p class='ocr_par' dir='ltr' id='par_1_84' title="bbox 2285 4004 3839 4081">
     <span class='ocr_line' id='line_1_84' title="bbox 2285 4004 3839 4081; baseline -0.003 -18"><span class='ocrx_word' id='word_1_638' title='bbox 2285 4026 2434 4081; x_wconf 90' lang='grc' dir='ltr'><em>ρειον</em></span> <span class='ocrx_word' id='word_1_639' title='bbox 2496 4009 2661 4062; x_wconf 83' lang='grc' dir='ltr'><em>ἵππον</em></span> <span class='ocrx_word' id='word_1_640' title='bbox 2701 4008 2994 4078; x_wconf 79' lang='grc' dir='ltr'><em>ἀλληγορεῖ</em></span> <span class='ocrx_word' id='word_1_641' title='bbox 3053 4009 3150 4061; x_wconf 73' lang='grc' dir='ltr'><strong><em>καὶ</em></strong></span> <span class='ocrx_word' id='word_1_642' title='bbox 3193 4010 3293 4079; x_wconf 81' lang='grc' dir='ltr'><em>τὴν</em></span> <span class='ocrx_word' id='word_1_643' title='bbox 3357 4008 3581 4077; x_wconf 82' lang='grc' dir='ltr'><em>Ἑλένην</em></span> <span class='ocrx_word' id='word_1_644' title='bbox 3631 4006 3743 4074; x_wconf 80' lang='grc' dir='ltr'><strong><em>ἅμα</em></strong></span> <span class='ocrx_word' id='word_1_645' title='bbox 3782 4004 3839 4072; x_wconf 76' lang='grc' dir='ltr'><em>τῇ</em></span> 
     </span>
    </p>
   </div>
   <div class='ocr_carea' id='block_1_85' title="bbox 2284 4091 3841 4171">
    <p class='ocr_par' dir='ltr' id='par_1_85' title="bbox 2284 4091 3841 4171">
     <span class='ocr_line' id='line_1_85' title="bbox 2284 4091 3841 4171; baseline -0.007 -17"><span class='ocrx_word' id='word_1_646' title='bbox 2284 4100 2531 4171; x_wconf 79' lang='grc' dir='ltr'><strong><em>λαμπάδι</em></strong></span> <span class='ocrx_word' id='word_1_647' title='bbox 2570 4101 2613 4130; x_wconf 81' lang='grc'><strong><em>¹“</em></strong></span> <span class='ocrx_word' id='word_1_648' title='bbox 2649 4098 2741 4152; x_wconf 76' lang='grc' dir='ltr'><strong><em>καὶ</em></strong></span> <span class='ocrx_word' id='word_1_649' title='bbox 2773 4099 2910 4154; x_wconf 82' lang='grc' dir='ltr'><em>ἄλλα</em></span> <span class='ocrx_word' id='word_1_650' title='bbox 2950 4099 3179 4152; x_wconf 83' lang='grc' dir='ltr'><em>πλεῖστα</em></span> <span class='ocrx_word' id='word_1_651' title='bbox 3204 4099 3306 4151; x_wconf 82' lang='grc' dir='ltr'><em>ὅσα</em></span> <span class='ocrx_word' id='word_1_652' title='bbox 3341 4096 3628 4167; x_wconf 78' lang='grc' dir='ltr'><em>μετάγ[ων</em></span> <span class='ocrx_word' id='word_1_653' title='bbox 3657 4092 3753 4163; x_wconf 73' lang='grc' dir='ltr'><em>εἰς]</em></span> <span class='ocrx_word' id='word_1_654' title='bbox 3781 4091 3841 4143; x_wconf 79' lang='grc' dir='ltr'><em>τὰ</em></span> 
     </span>
    </p>
   </div>
   <div class='ocr_carea' id='block_1_86' title="bbox 2283 4182 3840 4260">
    <p class='ocr_par' dir='ltr' id='par_1_86' title="bbox 2283 4182 3840 4260">
     <span class='ocr_line' id='line_1_86' title="bbox 2283 4182 3840 4260; baseline -0.006 -14"><span class='ocrx_word' id='word_1_655' title='bbox 2283 4191 2448 4246; x_wconf 77' lang='grc' dir='ltr'><em>αὑτοῦ</em></span> <span class='ocrx_word' id='word_1_656' title='bbox 2480 4192 2522 4223; x_wconf 84' lang='grc'><strong><em>¹⁷</em></strong></span> <span class='ocrx_word' id='word_1_657' title='bbox 2556 4190 2650 4243; x_wconf 67' lang='grc' dir='ltr'><strong><em>καὶ</em></strong></span> <span class='ocrx_word' id='word_1_658' title='bbox 2674 4189 2774 4260; x_wconf 79' lang='grc' dir='ltr'><em>τῆς</em></span> <span class='ocrx_word' id='word_1_659' title='bbox 2802 4190 3046 4252; x_wconf 83' lang='grc' dir='ltr'><em>ἐπινοίας</em></span> <span class='ocrx_word' id='word_1_660' title='bbox 3080 4189 3439 4255; x_wconf 81' lang='grc' dir='ltr'><em>πλαστολογεῖ</em></span> <span class='ocrx_word' id='word_1_661' title='bbox 3474 4189 3550 4242; x_wconf 75' lang='grc'><strong><em>⁸⁸.</em></strong></span> <span class='ocrx_word' id='word_1_662' title='bbox 3601 4182 3770 4258; x_wconf 71' lang='grc' dir='ltr'><em>Εῐνῐαι</em></span> <span class='ocrx_word' id='word_1_663' title='bbox 3800 4182 3840 4235; x_wconf 76' lang='grc' dir='ltr'><strong><em>δ’</em></strong></span> 
     </span>
    </p>
   </div>
   <div class='ocr_carea' id='block_1_87' title="bbox 2284 4275 3842 4351">
    <p class='ocr_par' dir='ltr' id='par_1_87' title="bbox 2284 4275 3842 4351">
     <span class='ocr_line' id='line_1_87' title="bbox 2284 4275 3842 4351; baseline -0.002 -20"><span class='ocrx_word' id='word_1_664' title='bbox 2284 4278 2462 4351; x_wconf 78' lang='grc' dir='ltr'><em>ἐλ]εγε</em></span> <span class='ocrx_word' id='word_1_665' title='bbox 2488 4279 2530 4311; x_wconf 81' lang='grc'><strong><em>¹⁹</em></strong></span> <span class='ocrx_word' id='word_1_666' title='bbox 2561 4278 2767 4350; x_wconf 82' lang='grc' dir='ltr'><em>ταύτην</em></span> <span class='ocrx_word' id='word_1_667' title='bbox 2792 4278 2853 4331; x_wconf 81' lang='grc' dir='ltr'><em>τὸ</em></span> <span class='ocrx_word' id='word_1_668' title='bbox 2884 4279 3157 4349; x_wconf 80' lang='grc' dir='ltr'><em>πρόϐατον</em></span> <span class='ocrx_word' id='word_1_669' title='bbox 3179 4278 3239 4331; x_wconf 79' lang='grc' dir='ltr'><em>τὸ</em></span> <span class='ocrx_word' id='word_1_670' title='bbox 3262 4277 3706 4348; x_wconf 82' lang='grc' dir='ltr'><em>πεπλανημένον,</em></span> <span class='ocrx_word' id='word_1_671' title='bbox 3733 4275 3842 4344; x_wconf 68' lang='grc' dir='ltr'><em>ἥτις</em></span> 
     </span>
    </p>
   </div>
   <div class='ocr_carea' id='block_1_88' title="bbox 2284 4366 3843 4443">
    <p class='ocr_par' dir='ltr' id='par_1_88' title="bbox 2284 4366 3843 4443">
     <span class='ocr_line' id='line_1_88' title="bbox 2284 4366 3843 4443; baseline -0.004 -18"><span class='ocrx_word' id='word_1_672' title='bbox 2284 4372 2369 4425; x_wconf 78' lang='grc' dir='ltr'><strong><em>ἀεὶ</em></strong></span> <span class='ocrx_word' id='word_1_673' title='bbox 2392 4372 2796 4443; x_wconf 80' lang='grc' dir='ltr'><em>καταγινομένη</em></span> <span class='ocrx_word' id='word_1_674' title='bbox 2816 4372 2873 4424; x_wconf 83' lang='grc' dir='ltr'><strong><em>ἐν</em></strong></span> <span class='ocrx_word' id='word_1_675' title='bbox 2895 4369 3142 4440; x_wconf 70' lang='grc' dir='ltr'><em>γυναιξὶν</em></span> <span class='ocrx_word' id='word_1_676' title='bbox 3167 4371 3440 4441; x_wconf 77' lang='grc' dir='ltr'><em>ἐτάρασσε</em></span> <span class='ocrx_word' id='word_1_677' title='bbox 3466 4370 3572 4433; x_wconf 81' lang='grc' dir='ltr'><em>τὰς</em></span> <span class='ocrx_word' id='word_1_678' title='bbox 3593 4370 3650 4422; x_wconf 83' lang='grc' dir='ltr'><strong><em>ἐν</em></strong></span> <span class='ocrx_word' id='word_1_679' title='bbox 3672 4366 3843 4436; x_wconf 72' lang='grc' dir='ltr'><strong>κόσμῳ</strong></span> 
     </span>
    </p>
   </div>
   <div class='ocr_carea' id='block_1_89' title="bbox 2284 4457 3841 4534">
    <p class='ocr_par' dir='ltr' id='par_1_89' title="bbox 2284 4457 3841 4534">
     <span class='ocr_line' id='line_1_89' title="bbox 2284 4457 3841 4534; baseline 0 -18"><span class='ocrx_word' id='word_1_680' title='bbox 2284 4463 2542 4534; x_wconf 81' lang='grc' dir='ltr'><em>δυνάμεις</em></span> <span class='ocrx_word' id='word_1_681' title='bbox 2584 4463 2672 4517; x_wconf 82' lang='grc' dir='ltr'><strong><em>διὰ</em></strong></span> <span class='ocrx_word' id='word_1_682' title='bbox 2715 4462 2777 4515; x_wconf 83' lang='grc' dir='ltr'><em>τδ</em></span> <span class='ocrx_word' id='word_1_683' title='bbox 2804 4462 3216 4534; x_wconf 80' lang='grc' dir='ltr'><em>ἀνυπέρϐλητον</em></span> <span class='ocrx_word' id='word_1_684' title='bbox 3256 4460 3491 4534; x_wconf 74' lang='grc' dir='ltr'><strong><em>[ρ.174,</em></strong></span> <span class='ocrx_word' id='word_1_685' title='bbox 3532 4458 3662 4532; x_wconf 76' lang='grc'><strong><em>175]</em></strong></span> <span class='ocrx_word' id='word_1_686' title='bbox 3690 4457 3841 4525; x_wconf 79' lang='grc' dir='ltr'><em>αὐτῆς</em></span> 
     </span>
    </p>
   </div>
   <div class='ocr_carea' id='block_1_90' title="bbox 602 4544 2173 4633">
    <p class='ocr_par' dir='ltr' id='par_1_90' title="bbox 602 4544 2173 4619">
     <span class='ocr_line' id='line_1_90' title="bbox 602 4544 2173 4619; baseline 0 -16"><span class='ocrx_word' id='word_1_687' title='bbox 602 4564 780 4603; x_wconf 84' lang='lat' dir='ltr'><strong><em>suam.</em></strong></span> <span class='ocrx_word' id='word_1_688' title='bbox 819 4547 969 4603; x_wconf 86' lang='lat' dir='ltr'><strong><em>Unde</em></strong></span> <span class='ocrx_word' id='word_1_689' title='bbox 999 4547 1163 4601; x_wconf 86' lang='lat' dir='ltr'><strong><em>etiam</em></strong></span> <span class='ocrx_word' id='word_1_690' title='bbox 1196 4544 1488 4617; x_wconf 73' lang='lat' dir='ltr'><strong><em>Troianum</em></strong></span> <span class='ocrx_word' id='word_1_691' title='bbox 1519 4547 1713 4602; x_wconf 86' lang='lat' dir='ltr'><strong><em>bellum</em></strong></span> <span class='ocrx_word' id='word_1_692' title='bbox 1746 4563 1843 4619; x_wconf 88' lang='lat' dir='ltr'><strong><em>per</em></strong></span> <span class='ocrx_word' id='word_1_693' title='bbox 1878 4549 2020 4603; x_wconf 83' lang='lat' dir='ltr'><strong><em>illam</em></strong></span> <span class='ocrx_word' id='word_1_694' title='bbox 2048 4564 2173 4604; x_wconf 79' lang='lat' dir='ltr'><strong><em>con-</em></strong></span> 
     </span>
    </p>
   </div>
   <div class='ocr_carea' id='block_1_91' title="bbox 2276 4544 3843 4633">
    <p class='ocr_par' dir='ltr' id='par_1_91' title="bbox 2287 4546 3843 4621">
     <span class='ocr_line' id='line_1_91' title="bbox 2287 4546 3843 4621; baseline -0.007 -14"><span class='ocrx_word' id='word_1_695' title='bbox 2287 4555 2500 4617; x_wconf 81' lang='grc' dir='ltr'><em>κάλλος,</em></span> <span class='ocrx_word' id='word_1_696' title='bbox 2526 4554 2647 4606; x_wconf 79' lang='grc' dir='ltr'><em>ὅθεν</em></span> <span class='ocrx_word' id='word_1_697' title='bbox 2677 4552 2772 4606; x_wconf 76' lang='grc' dir='ltr'><strong><em>καὶ</em></strong></span> <span class='ocrx_word' id='word_1_698' title='bbox 2801 4555 2829 4606; x_wconf 84' lang='grc' dir='ltr'>ὁ</span> <span class='ocrx_word' id='word_1_699' title='bbox 2858 4552 3101 4621; x_wconf 77' lang='grc' dir='ltr'><em>Τρωῖχὸς</em></span> <span class='ocrx_word' id='word_1_700' title='bbox 3135 4552 3371 4621; x_wconf 78' lang='grc' dir='ltr'><em>πόλεμος</em></span> <span class='ocrx_word' id='word_1_701' title='bbox 3398 4551 3469 4603; x_wconf 84' lang='grc' dir='ltr'><strong><em>δι’</em></strong></span> <span class='ocrx_word' id='word_1_702' title='bbox 3498 4550 3671 4620; x_wconf 79' lang='grc' dir='ltr'><em>αὐτὴν</em></span> <span class='ocrx_word' id='word_1_703' title='bbox 3700 4546 3843 4616; x_wconf 81' lang='grc' dir='ltr'><em>γεγέ-</em></span> 
     </span>
    </p>
   </div>
   <div class='ocr_carea' id='block_1_92' title="bbox 601 4638 2180 4711">
    <p class='ocr_par' dir='ltr' id='par_1_92' title="bbox 601 4638 2180 4711">
     <span class='ocr_line' id='line_1_92' title="bbox 601 4638 2180 4711; baseline -0.001 -15"><span class='ocrx_word' id='word_1_704' title='bbox 601 4639 786 4696; x_wconf 80' lang='lat' dir='ltr'><strong><em>llatum</em></strong></span> <span class='ocrx_word' id='word_1_705' title='bbox 822 4650 926 4695; x_wconf 88' lang='lat' dir='ltr'><strong><em>est.</em></strong></span> <span class='ocrx_word' id='word_1_706' title='bbox 959 4638 1017 4693; x_wconf 85' lang='lat' dir='ltr'><strong><em>In</em></strong></span> <span class='ocrx_word' id='word_1_707' title='bbox 1057 4638 1256 4694; x_wconf 86' lang='lat' dir='ltr'><strong><em>Helena</em></strong></span> <span class='ocrx_word' id='word_1_708' title='bbox 1293 4639 1460 4705; x_wconf 88' lang='lat' dir='ltr'><strong><em>enim,</em></strong></span> <span class='ocrx_word' id='word_1_709' title='bbox 1501 4654 1619 4708; x_wconf 65' lang='lat' dir='ltr'><strong><em>quae</em></strong></span> <span class='ocrx_word' id='word_1_710' title='bbox 1648 4640 1738 4695; x_wconf 91' lang='lat' dir='ltr'><strong><em>illo</em></strong></span> <span class='ocrx_word' id='word_1_711' title='bbox 1767 4656 1881 4695; x_wconf 64' lang='lat' dir='ltr'><strong><em>aevo</em></strong></span> <span class='ocrx_word' id='word_1_712' title='bbox 1927 4652 2180 4711; x_wconf 81' lang='lat' dir='ltr'><strong><em>generata</em></strong></span> 
     </span>
    </p>
   </div>
   <div class='ocr_carea' id='block_1_93' title="bbox 601 4728 2181 4798">
    <p class='ocr_par' dir='ltr' id='par_1_93' title="bbox 601 4728 2181 4798">
     <span class='ocr_line' id='line_1_93' title="bbox 601 4728 2181 4798; baseline 0.003 -13"><span class='ocrx_word' id='word_1_713' title='bbox 601 4737 738 4793; x_wconf 71' lang='lat' dir='ltr'><strong><em>erat,</em></strong></span> <span class='ocrx_word' id='word_1_714' title='bbox 760 4728 1084 4783; x_wconf 86' lang='lat' dir='ltr'><strong><em>iubabitavit</em></strong></span> <span class='ocrx_word' id='word_1_715' title='bbox 1107 4729 1223 4785; x_wconf 56' lang='lat' dir='ltr'><strong><em>hac</em></strong></span> <span class='ocrx_word' id='word_1_716' title='bbox 1249 4728 1623 4798; x_wconf 77' lang='lat' dir='ltr'><strong><em>intelligentia,</em></strong></span> <span class='ocrx_word' id='word_1_717' title='bbox 1646 4740 1700 4785; x_wconf 87' lang='lat' dir='ltr'><strong><em>et</em></strong></span> <span class='ocrx_word' id='word_1_718' title='bbox 1726 4731 1823 4795; x_wconf 89' lang='lat' dir='ltr'><strong><em>ita,</em></strong></span> <span class='ocrx_word' id='word_1_719' title='bbox 1845 4746 1965 4787; x_wconf 85' lang='lat' dir='ltr'><strong><em>cum</em></strong></span> <span class='ocrx_word' id='word_1_720' title='bbox 1992 4747 2181 4789; x_wconf 89' lang='lat' dir='ltr'><strong><em>omnes</em></strong></span> 
     </span>
    </p>
   </div>
   <div class='ocr_carea' id='block_1_94' title="bbox 601 4819 2178 4890">
    <p class='ocr_par' dir='ltr' id='par_1_94' title="bbox 601 4819 2178 4890">
     <span class='ocr_line' id='line_1_94' title="bbox 601 4819 2178 4890; baseline 0.004 -19"><span class='ocrx_word' id='word_1_721' title='bbox 601 4828 900 4888; x_wconf 85' lang='lat' dir='ltr'><strong><em>potestates</em></strong></span> <span class='ocrx_word' id='word_1_722' title='bbox 925 4819 1070 4873; x_wconf 83' lang='lat' dir='ltr'><strong><em>illam</em></strong></span> <span class='ocrx_word' id='word_1_723' title='bbox 1101 4819 1201 4875; x_wconf 91' lang='lat' dir='ltr'><strong><em>sibi</em></strong></span> <span class='ocrx_word' id='word_1_724' title='bbox 1237 4830 1579 4890; x_wconf 81' lang='lat' dir='ltr'><strong><em>arrogarent,</em></strong></span> <span class='ocrx_word' id='word_1_725' title='bbox 1605 4822 1868 4877; x_wconf 84' lang='lat' dir='ltr'><strong><em>discordia</em></strong></span> <span class='ocrx_word' id='word_1_726' title='bbox 1896 4834 1943 4877; x_wconf 88' lang='lat' dir='ltr'><strong><em>et</em></strong></span> <span class='ocrx_word' id='word_1_727' title='bbox 1976 4822 2178 4878; x_wconf 85' lang='lat' dir='ltr'><strong><em>bellum</em></strong></span> 
     </span>
    </p>
   </div>
   <div class='ocr_carea' id='block_1_95' title="bbox 602 4909 2180 4981">
    <p class='ocr_par' dir='ltr' id='par_1_95' title="bbox 602 4909 2180 4981">
     <span class='ocr_line' id='line_1_95' title="bbox 602 4909 2180 4981; baseline 0.003 -19"><span class='ocrx_word' id='word_1_728' title='bbox 602 4918 855 4963; x_wconf 79' lang='lat' dir='ltr'><strong><em>exortum</em></strong></span> <span class='ocrx_word' id='word_1_729' title='bbox 891 4917 979 4963; x_wconf 87' lang='lat' dir='ltr'><strong><em>est</em></strong></span> <span class='ocrx_word' id='word_1_730' title='bbox 1022 4909 1076 4962; x_wconf 90' lang='lat' dir='ltr'><strong><em>in</em></strong></span> <span class='ocrx_word' id='word_1_731' title='bbox 1131 4909 1541 4979; x_wconf 82' lang='lat' dir='ltr'><strong><em>quibuscunque</em></strong></span> <span class='ocrx_word' id='word_1_732' title='bbox 1570 4911 1819 4980; x_wconf 87' lang='lat' dir='ltr'><strong><em>apparuit</em></strong></span> <span class='ocrx_word' id='word_1_733' title='bbox 1856 4911 2085 4981; x_wconf 90' lang='lat' dir='ltr'><strong><em>populis.</em></strong></span> <span class='ocrx_word' id='word_1_734' title='bbox 2123 4914 2180 4967; x_wconf 90' lang='lat' dir='ltr'><strong><em>In</em></strong></span> 
     </span>
    </p>
   </div>
   <div class='ocr_carea' id='block_1_96' title="bbox 603 4999 2180 5072">
    <p class='ocr_par' dir='ltr' id='par_1_96' title="bbox 603 4999 2180 5072">
     <span class='ocr_line' id='line_1_96' title="bbox 603 4999 2180 5072; baseline 0.002 -18"><span class='ocrx_word' id='word_1_735' title='bbox 603 5000 750 5055; x_wconf 82' lang='lat' dir='ltr'><strong><em>hunc</em></strong></span> <span class='ocrx_word' id='word_1_736' title='bbox 778 5008 930 5055; x_wconf 83' lang='lat' dir='ltr'><strong><em>certe</em></strong></span> <span class='ocrx_word' id='word_1_737' title='bbox 968 5000 1186 5055; x_wconf 87' lang='lat' dir='ltr'><strong><em>modum</em></strong></span> <span class='ocrx_word' id='word_1_738' title='bbox 1218 4999 1612 5069; x_wconf 85' lang='lat' dir='ltr'><strong><em>Stesichorum,</em></strong></span> <span class='ocrx_word' id='word_1_739' title='bbox 1643 5003 1733 5071; x_wconf 80' lang='lat' dir='ltr'><strong><em>qui</em></strong></span> <span class='ocrx_word' id='word_1_740' title='bbox 1790 5017 1886 5072; x_wconf 88' lang='lat' dir='ltr'><strong><em>per</em></strong></span> <span class='ocrx_word' id='word_1_741' title='bbox 1937 5002 2180 5057; x_wconf 86' lang='lat' dir='ltr'><strong><em>carmina</em></strong></span> 
     </span>
    </p>
   </div>
   <div class='ocr_carea' id='block_1_97' title="bbox 2286 4636 3840 4715">
    <p class='ocr_par' dir='ltr' id='par_1_97' title="bbox 2286 4636 3840 4715">
     <span class='ocr_line' id='line_1_97' title="bbox 2286 4636 3840 4715; baseline -0.004 -17"><span class='ocrx_word' id='word_1_742' title='bbox 2286 4663 2460 4715; x_wconf 73' lang='grc' dir='ltr'><em>νηται.</em></span> <span class='ocrx_word' id='word_1_743' title='bbox 2482 4646 2570 4696; x_wconf 85' lang='grc' dir='ltr'><em>Ἐν</em></span> <span class='ocrx_word' id='word_1_744' title='bbox 2604 4644 2712 4714; x_wconf 75' lang='grc' dir='ltr'><strong><em>γὰρ</em></strong></span> <span class='ocrx_word' id='word_1_745' title='bbox 2745 4646 2811 4714; x_wconf 84' lang='grc' dir='ltr'><em>τῇ</em></span> <span class='ocrx_word' id='word_1_746' title='bbox 2847 4644 2967 4697; x_wconf 85' lang='grc' dir='ltr'><em>κατ’</em></span> <span class='ocrx_word' id='word_1_747' title='bbox 3000 4644 3179 4695; x_wconf 81' lang='grc' dir='ltr'><em>ἐκεῖνο</em></span> <span class='ocrx_word' id='word_1_748' title='bbox 3208 4644 3254 4673; x_wconf 79' lang='grc'><strong><em>’⁸</em></strong></span> <span class='ocrx_word' id='word_1_749' title='bbox 3287 4641 3482 4713; x_wconf 79' lang='grc' dir='ltr'><em>καιροῦ</em></span> <span class='ocrx_word' id='word_1_750' title='bbox 3512 4640 3774 4711; x_wconf 79' lang='grc' dir='ltr'><em>γενομένῃ</em></span> <span class='ocrx_word' id='word_1_751' title='bbox 3801 4636 3840 4669; x_wconf 87' lang='grc'>¹¹</span> 
     </span>
    </p>
   </div>
   <div class='ocr_carea' id='block_1_98' title="bbox 2296 4732 3842 4807">
    <p class='ocr_par' dir='ltr' id='par_1_98' title="bbox 2296 4732 3842 4807">
     <span class='ocr_line' id='line_1_98' title="bbox 2296 4732 3842 4807; baseline -0.003 -21"><span class='ocrx_word' id='word_1_752' title='bbox 2296 4734 2485 4807; x_wconf 78' lang='grc' dir='ltr'><em>Ἑλένῃ</em></span> <span class='ocrx_word' id='word_1_753' title='bbox 2523 4732 2798 4803; x_wconf 76' lang='grc' dir='ltr'><em>ἐνῴκησεν</em></span> <span class='ocrx_word' id='word_1_754' title='bbox 2824 4732 2961 4803; x_wconf 68' lang='grc' dir='ltr'><em>αὕτη</em></span> <span class='ocrx_word' id='word_1_755' title='bbox 2993 4735 3040 4765; x_wconf 72' lang='grc'><strong><em>’³</em></strong></span> <span class='ocrx_word' id='word_1_756' title='bbox 3074 4735 3107 4803; x_wconf 81' lang='grc' dir='ltr'><strong>ἡ</strong></span> <span class='ocrx_word' id='word_1_757' title='bbox 3130 4733 3381 4799; x_wconf 83' lang='grc' dir='ltr'><em>ἐπίνοια,</em></span> <span class='ocrx_word' id='word_1_758' title='bbox 3415 4733 3511 4785; x_wconf 73' lang='grc' dir='ltr'><strong><em>καὶ</em></strong></span> <span class='ocrx_word' id='word_1_759' title='bbox 3544 4732 3717 4794; x_wconf 76' lang='grc' dir='ltr'><em>οὕτως</em></span> <span class='ocrx_word' id='word_1_760' title='bbox 3748 4743 3842 4781; x_wconf 75' lang='grc' dir='ltr'><em>πα-</em></span> 
     </span>
    </p>
   </div>
   <div class='ocr_carea' id='block_1_99' title="bbox 2288 4820 3841 4895">
    <p class='ocr_par' dir='ltr' id='par_1_99' title="bbox 2288 4820 3841 4895">
     <span class='ocr_line' id='line_1_99' title="bbox 2288 4820 3841 4895; baseline -0.005 -16"><span class='ocrx_word' id='word_1_761' title='bbox 2288 4826 2398 4880; x_wconf 91' lang='grc' dir='ltr'><strong><em>σῶν</em></strong></span> <span class='ocrx_word' id='word_1_762' title='bbox 2434 4824 2898 4895; x_wconf 81' lang='grc' dir='ltr'><em>ἐπιδικαζομένων</em></span> <span class='ocrx_word' id='word_1_763' title='bbox 2938 4826 3110 4895; x_wconf 81' lang='grc' dir='ltr'><em>αὐτῆς</em></span> <span class='ocrx_word' id='word_1_764' title='bbox 3166 4824 3274 4877; x_wconf 88' lang='grc' dir='ltr'><strong><em>τῶν</em></strong></span> <span class='ocrx_word' id='word_1_765' title='bbox 3325 4824 3614 4890; x_wconf 80' lang='grc' dir='ltr'><em>ἐξουσιῶν,</em></span> <span class='ocrx_word' id='word_1_766' title='bbox 3668 4820 3841 4881; x_wconf 80' lang='grc' dir='ltr'><em>στάσις</em></span> 
     </span>
    </p>
   </div>
   <div class='ocr_carea' id='block_1_100' title="bbox 2286 4909 3841 4987">
    <p class='ocr_par' dir='ltr' id='par_1_100' title="bbox 2286 4909 3841 4987">
     <span class='ocr_line' id='line_1_100' title="bbox 2286 4909 3841 4987; baseline -0.004 -19"><span class='ocrx_word' id='word_1_767' title='bbox 2286 4916 2382 4968; x_wconf 69' lang='grc' dir='ltr'><strong><em>καὶ</em></strong></span> <span class='ocrx_word' id='word_1_768' title='bbox 2404 4914 2639 4985; x_wconf 85' lang='grc' dir='ltr'><em>πόλεμος</em></span> <span class='ocrx_word' id='word_1_769' title='bbox 2670 4915 2963 4985; x_wconf 78' lang='grc' dir='ltr'><em>ἐπανέστη,</em></span> <span class='ocrx_word' id='word_1_770' title='bbox 2995 4917 3053 4968; x_wconf 86' lang='grc' dir='ltr'><strong><em>ἐν</em></strong></span> <span class='ocrx_word' id='word_1_771' title='bbox 3080 4909 3159 4980; x_wconf 76' lang='grc' dir='ltr'><em>οἷς</em></span> <span class='ocrx_word' id='word_1_772' title='bbox 3195 4915 3372 4987; x_wconf 78' lang='grc' dir='ltr'><em>ἐφάνη</em></span> <span class='ocrx_word' id='word_1_773' title='bbox 3407 4914 3639 4969; x_wconf 72' lang='grc' dir='ltr'><em>ἔθνεσιν.</em></span> <span class='ocrx_word' id='word_1_774' title='bbox 3670 4912 3841 4972; x_wconf 77' lang='grc' dir='ltr'><em>Οὖτως</em></span> 
     </span>
    </p>
   </div>
   <div class='ocr_carea' id='block_1_101' title="bbox 2287 5003 3841 5077">
    <p class='ocr_par' dir='ltr' id='par_1_101' title="bbox 2287 5003 3841 5077">
     <span class='ocr_line' id='line_1_101' title="bbox 2287 5003 3841 5077; baseline -0.001 -19"><span class='ocrx_word' id='word_1_775' title='bbox 2287 5004 2419 5072; x_wconf 77' lang='grc' dir='ltr'><em>γοῦν</em></span> <span class='ocrx_word' id='word_1_776' title='bbox 2464 5004 2558 5059; x_wconf 74' lang='grc' dir='ltr'><em>τὸν</em></span> <span class='ocrx_word' id='word_1_777' title='bbox 2598 5005 2929 5076; x_wconf 82' lang='grc' dir='ltr'><em>Στησίχορον</em></span> <span class='ocrx_word' id='word_1_778' title='bbox 2983 5005 3073 5060; x_wconf 76' lang='grc' dir='ltr'><strong><em>διὰ</em></strong></span> <span class='ocrx_word' id='word_1_779' title='bbox 3111 5003 3220 5059; x_wconf 90' lang='grc' dir='ltr'><strong><em>τῶν</em></strong></span> <span class='ocrx_word' id='word_1_780' title='bbox 3269 5005 3419 5061; x_wconf 79' lang='grc' dir='ltr'><em>ἐπῶν</em></span> <span class='ocrx_word' id='word_1_781' title='bbox 3465 5005 3841 5077; x_wconf 80' lang='grc' dir='ltr'><em>λοιδορήσαντα</em></span> 
     </span>
    </p>
   </div>
   <div class='ocr_carea' id='block_1_102' title="bbox 1916 5178 2599 5239">
    <p class='ocr_par' dir='ltr' id='par_1_102' title="bbox 1916 5178 2599 5239">
     <span class='ocr_line' id='line_1_102' title="bbox 1916 5178 2599 5239; baseline 0.01 -6"><span class='ocrx_word' id='word_1_782' title='bbox 1916 5178 2153 5237; x_wconf 65' lang='grc' dir='ltr'><strong><em>ῪΑΒῘΛΕ</em></strong></span> <span class='ocrx_word' id='word_1_783' title='bbox 2192 5178 2599 5239; x_wconf 81' lang='lat' dir='ltr'><strong><em>LECTIONES.</em></strong></span> 
     </span>
    </p>
   </div>
   <div class='ocr_carea' id='block_1_103' title="bbox 675 5356 3840 5437">
    <p class='ocr_par' dir='ltr' id='par_1_103' title="bbox 675 5356 3840 5437">
     <span class='ocr_line' id='line_1_103' title="bbox 675 5356 3840 5437; baseline 0.004 -25"><span class='ocrx_word' id='word_1_784' title='bbox 675 5358 906 5437; x_wconf 72' lang='lat' dir='ltr'><strong><em>‘_t‘b_v_,</em></strong></span> <span class='ocrx_word' id='word_1_785' title='bbox 948 5362 1051 5437; x_wconf 63' lang='grc' dir='ltr'><em>μία</em></span> <span class='ocrx_word' id='word_1_786' title='bbox 1230 5359 1469 5437; x_wconf 61' lang='grc' dir='ltr'><em>ξπατῂρ</em></span> <span class='ocrx_word' id='word_1_787' title='bbox 1633 5364 1846 5437; x_wconf 60' lang='grc' dir='ltr'><em>πατέρα</em></span> <span class='ocrx_word' id='word_1_788' title='bbox 2052 5364 2317 5437; x_wconf 42' lang='grc' dir='ltr'><em>’.τρέφων</em></span> <span class='ocrx_word' id='word_1_789' title='bbox 2373 5366 2461 5437; x_wconf 80' lang='grc' dir='ltr'><strong><em>τά.</em></strong></span> <span class='ocrx_word' id='word_1_790' title='bbox 2514 5364 2781 5437; x_wconf 80' lang='grc' dir='ltr'><em>τρέφοντα</em></span> <span class='ocrx_word' id='word_1_791' title='bbox 2815 5364 2915 5437; x_wconf 89' lang='lat' dir='ltr'><strong><em>C._</em></strong></span> <span class='ocrx_word' id='word_1_792' title='bbox 2981 5365 3201 5435; x_wconf 79' lang='grc' dir='ltr'><strong><em>ἀύτῷ.</em></strong></span> <span class='ocrx_word' id='word_1_793' title='bbox 3252 5366 3415 5430; x_wconf 74' lang='grc' dir='ltr'><em>αὐτὸς</em></span> <span class='ocrx_word' id='word_1_794' title='bbox 3474 5365 3544 5421; x_wconf 81' lang='grc' dir='ltr'><strong><em>Μ.</em></strong></span> <span class='ocrx_word' id='word_1_795' title='bbox 3618 5356 3840 5437; x_wconf 49' lang='grc' dir='ltr'><strong><em>ξαλῦτῆχ·</em></strong></span> 
     </span>
    </p>
   </div>
   <div class='ocr_carea' id='block_1_104' title="bbox 604 5430 2156 5500">
    <p class='ocr_par' dir='ltr' id='par_1_104' title="bbox 604 5430 2156 5500">
     <span class='ocr_line' id='line_1_104' title="bbox 604 5430 2156 5500; baseline 0.003 -19"><span class='ocrx_word' id='word_1_796' title='bbox 604 5430 751 5500; x_wconf 66' lang='grc' dir='ltr'><em>αὕτη</em></span> <span class='ocrx_word' id='word_1_797' title='bbox 768 5432 833 5497; x_wconf 70' lang='lat'><strong><em>(1,</em></strong></span> <span class='ocrx_word' id='word_1_798' title='bbox 860 5430 959 5485; x_wconf 49' lang='grc' dir='ltr'><strong><em>Μ(</em></strong></span> <span class='ocrx_word' id='word_1_799' title='bbox 980 5430 1054 5500; x_wconf 45' lang='grc' dir='ltr'><strong><em>-ξθ</em></strong></span> <span class='ocrx_word' id='word_1_800' title='bbox 1082 5430 1368 5500; x_wconf 76' lang='grc' dir='ltr'><em>ὀνομάσαι.</em></span> <span class='ocrx_word' id='word_1_801' title='bbox 1394 5430 1650 5500; x_wconf 76' lang='grc' dir='ltr'><em>ὀνομάσει</em></span> <span class='ocrx_word' id='word_1_802' title='bbox 1679 5432 1742 5497; x_wconf 85' lang='lat' dir='ltr'><strong><em>C,</em></strong></span> <span class='ocrx_word' id='word_1_803' title='bbox 1769 5430 2056 5499; x_wconf 79' lang='grc' dir='ltr'><em>ὀνομάσειε</em></span> <span class='ocrx_word' id='word_1_804' title='bbox 2084 5430 2156 5487; x_wconf 77' lang='grc' dir='ltr'><strong><em>Μ’.</em></strong></span> 
     </span>
    </p>
   </div>
   <div class='ocr_carea' id='block_1_105' title="bbox 2259 5428 3838 5490">
    <p class='ocr_par' dir='ltr' id='par_1_105' title="bbox 2259 5428 3838 5490">
     <span class='ocr_line' id='line_1_105' title="bbox 2259 5428 3838 5490; baseline -0.001 -3"><span class='ocrx_word' id='word_1_805' title='bbox 2259 5436 2298 5466; x_wconf 82' lang='lat'>“</span> <span class='ocrx_word' id='word_1_806' title='bbox 2331 5428 2565 5488; x_wconf 67' lang='grc' dir='ltr'><em>ὲπὶνοιαξ</em></span> <span class='ocrx_word' id='word_1_807' title='bbox 2598 5428 2842 5488; x_wconf 69' lang='grc' dir='ltr'><em>ἐπίνοιαν</em></span> <span class='ocrx_word' id='word_1_808' title='bbox 2878 5434 2940 5489; x_wconf 88' lang='lat' dir='ltr'><strong><em>C.</em></strong></span> <span class='ocrx_word' id='word_1_809' title='bbox 3050 5437 3091 5466; x_wconf 84' lang='lat'>&quot;</span> <span class='ocrx_word' id='word_1_810' title='bbox 3129 5428 3222 5489; x_wconf 71' lang='grc' dir='ltr'><strong><em>ἀπ’</em></strong></span> <span class='ocrx_word' id='word_1_811' title='bbox 3252 5428 3453 5490; x_wconf 76' lang='grc' dir='ltr'><em>αὐτῶν.</em></span> <span class='ocrx_word' id='word_1_812' title='bbox 3489 5437 3554 5490; x_wconf 84' lang='grc' dir='ltr'><em>ἂν</em></span> <span class='ocrx_word' id='word_1_813' title='bbox 3582 5434 3755 5487; x_wconf 74' lang='grc' dir='ltr'><em>αὐτῶν</em></span> <span class='ocrx_word' id='word_1_814' title='bbox 3782 5428 3838 5485; x_wconf 80' lang='lat' dir='ltr'><strong><em>C.</em></strong></span> 
     </span>
    </p>
   </div>
   <div class='ocr_carea' id='block_1_106' title="bbox 612 5498 3837 5575">
    <p class='ocr_par' dir='ltr' id='par_1_106' title="bbox 612 5498 3837 5575">
     <span class='ocr_line' id='line_1_106' title="bbox 612 5498 3837 5575; baseline 0 -22"><span class='ocrx_word' id='word_1_815' title='bbox 612 5501 655 5575; x_wconf 74' lang='lat'><strong><em>_&quot;</em></strong></span> <span class='ocrx_word' id='word_1_816' title='bbox 684 5498 851 5575; x_wconf 67' lang='grc' dir='ltr'><em>Οὗτος</em></span> <span class='ocrx_word' id='word_1_817' title='bbox 978 5498 1059 5575; x_wconf 51' lang='lat' dir='ltr'><strong><em>M1</em></strong></span> <span class='ocrx_word' id='word_1_818' title='bbox 1129 5498 1238 5554; x_wconf 21' lang='lat' dir='ltr'><strong><em>“Vb</em></strong></span> <span class='ocrx_word' id='word_1_819' title='bbox 1269 5498 1532 5573; x_wconf 78' lang='grc' dir='ltr'><em>χωριστὰ.</em></span> <span class='ocrx_word' id='word_1_820' title='bbox 1566 5498 2303 5575; x_wconf 41' lang='grc' dir='ltr'><em>ἀχώρισταριὰχὼρισταᾶ</em></span> <span class='ocrx_word' id='word_1_821' title='bbox 2332 5522 2378 5560; x_wconf 90' lang='lat' dir='ltr'><strong><em>s.</em></strong></span> <span class='ocrx_word' id='word_1_822' title='bbox 2410 5505 2517 5575; x_wconf 85' lang='grc' dir='ltr'><strong><em>γὰρ</em></strong></span> <span class='ocrx_word' id='word_1_823' title='bbox 2541 5504 2623 5575; x_wconf 68' lang='grc' dir='ltr'><strong><em>ΔΜ.</em></strong></span> <span class='ocrx_word' id='word_1_824' title='bbox 2700 5506 2743 5537; x_wconf 73' lang='grc'><strong><em>⁸⁵</em></strong></span> <span class='ocrx_word' id='word_1_825' title='bbox 2764 5506 2835 5558; x_wconf 72' lang='grc' dir='ltr'><em>τὰ</em></span> <span class='ocrx_word' id='word_1_826' title='bbox 2866 5505 2990 5561; x_wconf 85' lang='grc' dir='ltr'><em>τῶν.</em></span> <span class='ocrx_word' id='word_1_827' title='bbox 3040 5506 3140 5566; x_wconf 80' lang='grc' dir='ltr'><strong><em>τὰς</em></strong></span> <span class='ocrx_word' id='word_1_828' title='bbox 3164 5507 3271 5559; x_wconf 87' lang='grc' dir='ltr'><strong><em>τῶν</em></strong></span> <span class='ocrx_word' id='word_1_829' title='bbox 3305 5510 3365 5563; x_wconf 76' lang='lat' dir='ltr'><strong><em>C.</em></strong></span> <span class='ocrx_word' id='word_1_830' title='bbox 3410 5507 3454 5538; x_wconf 83' lang='lat'>“</span> <span class='ocrx_word' id='word_1_831' title='bbox 3482 5507 3563 5562; x_wconf 84' lang='lat' dir='ltr'><strong><em>Cl.</em></strong></span> <span class='ocrx_word' id='word_1_832' title='bbox 3590 5504 3837 5575; x_wconf 69' lang='lat' dir='ltr'><strong><em>Epiphan-</em></strong></span> 
     </span>
    </p>
   </div>
   <div class='ocr_carea' id='block_1_107' title="bbox 608 5569 3837 5645">
    <p class='ocr_par' dir='ltr' id='par_1_107' title="bbox 608 5569 3837 5645">
     <span class='ocr_line' id='line_1_107' title="bbox 608 5569 3837 5645; baseline -0.002 -20"><span class='ocrx_word' id='word_1_833' title='bbox 608 5569 742 5623; x_wconf 71' lang='lat' dir='ltr'><strong><em>bzm&#39;.</em></strong></span> <span class='ocrx_word' id='word_1_834' title='bbox 764 5570 856 5645; x_wconf 72' lang='lat' dir='ltr'><strong><em>2_l_,</em></strong></span> <span class='ocrx_word' id='word_1_835' title='bbox 884 5572 934 5625; x_wconf 79' lang='lat'><strong><em>5.</em></strong></span> <span class='ocrx_word' id='word_1_836' title='bbox 969 5569 1071 5645; x_wconf 82' lang='lat'><strong><em>_&quot;’_</em></strong></span> <span class='ocrx_word' id='word_1_837' title='bbox 1091 5569 1313 5645; x_wconf 68' lang='grc' dir='ltr'><strong><em>μετοιῇ⁸</em></strong></span> <span class='ocrx_word' id='word_1_838' title='bbox 1344 5569 1364 5626; x_wconf 69' lang='grc' dir='ltr'><em>ξ</em></span> <span class='ocrx_word' id='word_1_839' title='bbox 1399 5612 1413 5645; x_wconf 77' lang='lat'><strong><em>.</em></strong></span> <span class='ocrx_word' id='word_1_840' title='bbox 1448 5610 1461 5625; x_wconf 93' lang='lat'><strong><em>.</em></strong></span> <span class='ocrx_word' id='word_1_841' title='bbox 1508 5612 1517 5626; x_wconf 83' lang='lat'><em>,</em></span> <span class='ocrx_word' id='word_1_842' title='bbox 1543 5612 1557 5625; x_wconf 95' lang='lat'><strong><em>.</em></strong></span> <span class='ocrx_word' id='word_1_843' title='bbox 1593 5569 1702 5645; x_wconf 48' lang='lat' dir='ltr'><strong><em>gae</em></strong></span> <span class='ocrx_word' id='word_1_844' title='bbox 1722 5571 1885 5645; x_wconf 76' lang='grc' dir='ltr'><em>αὑτοῦ</em></span> <span class='ocrx_word' id='word_1_845' title='bbox 1907 5571 1971 5639; x_wconf 90' lang='lat' dir='ltr'><strong><em>C,</em></strong></span> <span class='ocrx_word' id='word_1_846' title='bbox 1995 5569 2354 5645; x_wconf 59' lang='grc' dir='ltr'><em>μετοιχγίζων</em></span> <span class='ocrx_word' id='word_1_847' title='bbox 2369 5569 2467 5645; x_wconf 10' lang='lat' dir='ltr'><strong><em>pel;</em></strong></span> <span class='ocrx_word' id='word_1_848' title='bbox 2488 5569 2564 5627; x_wconf 67' lang='grc' dir='ltr'><em>τὰ</em></span> <span class='ocrx_word' id='word_1_849' title='bbox 2589 5574 2754 5628; x_wconf 72' lang='grc' dir='ltr'><em>αὑτοῦ</em></span> <span class='ocrx_word' id='word_1_850' title='bbox 2786 5575 2857 5630; x_wconf 85' lang='grc' dir='ltr'><strong>Μ.</strong></span> <span class='ocrx_word' id='word_1_851' title='bbox 2897 5577 2940 5608; x_wconf 78' lang='grc'><strong><em>³⁸</em></strong></span> <span class='ocrx_word' id='word_1_852' title='bbox 2969 5576 3322 5644; x_wconf 78' lang='grc' dir='ltr'><em>πλαστολογεῖ</em></span> <span class='ocrx_word' id='word_1_853' title='bbox 3351 5569 3647 5645; x_wconf 65' lang='grc' dir='ltr'><em>Ιῐορροτιιε,</em></span> <span class='ocrx_word' id='word_1_854' title='bbox 3668 5569 3837 5624; x_wconf 57' lang='lat' dir='ltr'><strong><em>ntale-</em></strong></span> 
     </span>
    </p>
   </div>
   <div class='ocr_carea' id='block_1_108' title="bbox 617 5638 2180 5711">
    <p class='ocr_par' dir='ltr' id='par_1_108' title="bbox 617 5638 2180 5711">
     <span class='ocr_line' id='line_1_108' title="bbox 617 5638 2180 5711; baseline 0.005 -23"><span class='ocrx_word' id='word_1_855' title='bbox 617 5652 745 5701; x_wconf 83' lang='grc' dir='ltr'><em>τους</em></span> <span class='ocrx_word' id='word_1_856' title='bbox 780 5638 1024 5711; x_wconf 25' lang='grc' dir='ltr'><em>λέγειῄϐ,</em></span> <span class='ocrx_word' id='word_1_857' title='bbox 1048 5638 1279 5711; x_wconf 64' lang='grc' dir='ltr'><em>ἀπα-γῶν</em></span> <span class='ocrx_word' id='word_1_858' title='bbox 1310 5657 1356 5697; x_wconf 91' lang='lat' dir='ltr'><strong><em>s.</em></strong></span> <span class='ocrx_word' id='word_1_859' title='bbox 1386 5644 1712 5705; x_wconf 80' lang='grc' dir='ltr'><em>ἀποσπάσας</em></span> <span class='ocrx_word' id='word_1_860' title='bbox 1747 5642 1894 5710; x_wconf 82' lang='grc' dir='ltr'><em>λέγει</em></span> <span class='ocrx_word' id='word_1_861' title='bbox 1935 5638 2081 5711; x_wconf 58' lang='lat' dir='ltr'><strong><em>saep.</em></strong></span> <span class='ocrx_word' id='word_1_862' title='bbox 2109 5638 2180 5697; x_wconf 66' lang='grc' dir='ltr'><strong><em>Μ’.</em></strong></span> 
     </span>
    </p>
   </div>
   <div class='ocr_carea' id='block_1_109' title="bbox 2256 5641 2931 5714">
    <p class='ocr_par' dir='ltr' id='par_1_109' title="bbox 2256 5641 2931 5714">
     <span class='ocr_line' id='line_1_109' title="bbox 2256 5641 2931 5714; baseline 0.001 -17"><span class='ocrx_word' id='word_1_863' title='bbox 2256 5646 2297 5677; x_wconf 84' lang='grc'><strong><em>¹⁹</em></strong></span> <span class='ocrx_word' id='word_1_864' title='bbox 2325 5641 2479 5698; x_wconf 82' lang='grc' dir='ltr'><em>Εἶναι</em></span> <span class='ocrx_word' id='word_1_865' title='bbox 2520 5644 2564 5697; x_wconf 83' lang='grc' dir='ltr'><strong><em>δ’</em></strong></span> <span class='ocrx_word' id='word_1_866' title='bbox 2589 5646 2766 5714; x_wconf 73' lang='grc' dir='ltr'><em>ἔλεγε.</em></span> <span class='ocrx_word' id='word_1_867' title='bbox 2800 5649 2881 5700; x_wconf 88' lang='grc' dir='ltr'><em>εἰν</em></span> <span class='ocrx_word' id='word_1_868' title='bbox 2918 5686 2931 5698; x_wconf 93' lang='grc'><strong><em>.</em></strong></span> 
     </span>
    </p>
   </div>
   <div class='ocr_carea' id='block_1_110' title="bbox 2971 5645 3837 5701">
    <p class='ocr_par' dir='ltr' id='par_1_110' title="bbox 2971 5645 3837 5701">
     <span class='ocr_line' id='line_1_110' title="bbox 2971 5645 3837 5701; baseline -0.01 -1"><span class='ocrx_word' id='word_1_869' title='bbox 2971 5686 2984 5700; x_wconf 90' lang='grc'><strong>.</strong></span> <span class='ocrx_word' id='word_1_870' title='bbox 3024 5685 3038 5699; x_wconf 91' lang='grc'><strong>.</strong></span> <span class='ocrx_word' id='word_1_871' title='bbox 3070 5686 3083 5701; x_wconf 93' lang='grc'><strong>.</strong></span> <span class='ocrx_word' id='word_1_872' title='bbox 3114 5648 3200 5698; x_wconf 83' lang='grc' dir='ltr'><em>ὲτε</em></span> <span class='ocrx_word' id='word_1_873' title='bbox 3230 5647 3293 5700; x_wconf 84' lang='lat' dir='ltr'><strong><em>C.</em></strong></span> <span class='ocrx_word' id='word_1_874' title='bbox 3322 5645 3405 5701; x_wconf 78' lang='lat' dir='ltr'><strong><em>Cl.</em></strong></span> <span class='ocrx_word' id='word_1_875' title='bbox 3438 5662 3556 5700; x_wconf 79' lang='lat' dir='ltr'><strong><em>cum</em></strong></span> <span class='ocrx_word' id='word_1_876' title='bbox 3581 5646 3660 5699; x_wconf 85' lang='lat' dir='ltr'><strong><em>his</em></strong></span> <span class='ocrx_word' id='word_1_877' title='bbox 3686 5653 3736 5695; x_wconf 87' lang='lat' dir='ltr'><strong><em>et</em></strong></span> <span class='ocrx_word' id='word_1_878' title='bbox 3760 5653 3837 5691; x_wconf 81' lang='lat' dir='ltr'><strong><em>se-</em></strong></span> 
     </span>
    </p>
   </div>
   <div class='ocr_carea' id='block_1_111' title="bbox 606 5706 3835 5786">
    <p class='ocr_par' dir='ltr' id='par_1_111' title="bbox 606 5706 3835 5786">
     <span class='ocr_line' id='line_1_111' title="bbox 606 5706 3835 5786; baseline 0.004 -29"><span class='ocrx_word' id='word_1_879' title='bbox 606 5708 901 5786; x_wconf 68' lang='lat' dir='ltr'><strong><em>quentibus</em></strong></span> <span class='ocrx_word' id='word_1_880' title='bbox 922 5706 1065 5786; x_wconf 72' lang='lat' dir='ltr'><strong><em>Just.</em></strong></span> <span class='ocrx_word' id='word_1_881' title='bbox 1097 5706 1255 5786; x_wconf 42' lang='lat' dir='ltr'><strong><em>Mart.</em></strong></span> <span class='ocrx_word' id='word_1_882' title='bbox 1289 5711 1460 5786; x_wconf 48' lang='grc' dir='ltr'><strong><em>ξιιμ-Ι,</em></strong></span> <span class='ocrx_word' id='word_1_883' title='bbox 1484 5712 1574 5786; x_wconf 67' lang='grc'><strong><em>26.</em></strong></span> <span class='ocrx_word' id='word_1_884' title='bbox 1618 5729 1669 5781; x_wconf 87' lang='lat' dir='ltr'><strong><em>p.</em></strong></span> <span class='ocrx_word' id='word_1_885' title='bbox 1693 5711 1791 5786; x_wconf 66' lang='grc' dir='ltr'><strong><em>οε).</em></strong></span> <span class='ocrx_word' id='word_1_886' title='bbox 1910 5706 2049 5786; x_wconf 58' lang='grc' dir='ltr'><em>Ιτιξιιζ</em></span> <span class='ocrx_word' id='word_1_887' title='bbox 2088 5728 2138 5786; x_wconf 87' lang='lat' dir='ltr'><strong><em>c.</em></strong></span> <span class='ocrx_word' id='word_1_888' title='bbox 2173 5715 2302 5769; x_wconf 75' lang='lat' dir='ltr'><strong><em>lnnr.</em></strong></span> <span class='ocrx_word' id='word_1_889' title='bbox 2342 5715 2393 5786; x_wconf 71' lang='lat' dir='ltr'><strong><em>l,</em></strong></span> <span class='ocrx_word' id='word_1_890' title='bbox 2423 5716 2512 5786; x_wconf 70' lang='lat'><strong><em>23,</em></strong></span> <span class='ocrx_word' id='word_1_891' title='bbox 2554 5717 2589 5769; x_wconf 67' lang='grc' dir='ltr'><strong><em>’ἰ</em></strong></span> <span class='ocrx_word' id='word_1_892' title='bbox 2616 5706 2738 5784; x_wconf 62' lang='lat' dir='ltr'><strong><em>sqq.</em></strong></span> <span class='ocrx_word' id='word_1_893' title='bbox 2769 5716 3055 5786; x_wconf 62' lang='grc' dir='ltr'><strong><em>Ματειιει,Δ</em></strong></span> <span class='ocrx_word' id='word_1_894' title='bbox 3077 5715 3405 5786; x_wconf 71' lang='lat' dir='ltr'><strong><em>&#39;l‘beodaret.</em></strong></span> <span class='ocrx_word' id='word_1_895' title='bbox 3448 5711 3779 5786; x_wconf 64' lang='lat' dir='ltr'><strong><em>llwret,_fabo</em></strong></span> <span class='ocrx_word' id='word_1_896' title='bbox 3800 5721 3835 5771; x_wconf 67' lang='grc' dir='ltr'><strong><em>ι,</em></strong></span> 
     </span>
    </p>
   </div>
   <div class='ocr_carea' id='block_1_112' title="bbox 608 5774 3838 5862">
    <p class='ocr_par' dir='ltr' id='par_1_112' title="bbox 608 5774 3838 5862">
     <span class='ocr_line' id='line_1_112' title="bbox 608 5774 3838 5862; baseline 0.007 -35"><span class='ocrx_word' id='word_1_897' title='bbox 700 5776 1136 5862; x_wconf 52' lang='grc' dir='ltr'><em>Ερὶριιειιι.ηιιωι·.</em></span> <span class='ocrx_word' id='word_1_898' title='bbox 1174 5779 1262 5849; x_wconf 81' lang='grc'><strong><em>11,</em></strong></span> <span class='ocrx_word' id='word_1_899' title='bbox 1291 5774 1345 5846; x_wconf 71' lang='grc'><em>2,</em></span> <span class='ocrx_word' id='word_1_900' title='bbox 1382 5774 1454 5835; x_wconf 53' lang='grc'><strong><em>5(</em></strong></span> <span class='ocrx_word' id='word_1_901' title='bbox 1512 5784 1555 5815; x_wconf 83' lang='grc'><strong><em>¹⁰</em></strong></span> <span class='ocrx_word' id='word_1_902' title='bbox 1587 5774 1705 5835; x_wconf 69' lang='grc' dir='ltr'><em>κατ’</em></span> <span class='ocrx_word' id='word_1_903' title='bbox 1727 5782 1932 5836; x_wconf 80' lang='grc' dir='ltr'><em>ἐκείνου</em></span> <span class='ocrx_word' id='word_1_904' title='bbox 1954 5784 2013 5839; x_wconf 86' lang='lat' dir='ltr'><strong><em>C.</em></strong></span> <span class='ocrx_word' id='word_1_905' title='bbox 2093 5785 2135 5816; x_wconf 72' lang='grc' dir='ltr'>ἰ</span> <span class='ocrx_word' id='word_1_906' title='bbox 2159 5774 2531 5859; x_wconf 48' lang='grc' dir='ltr'><em>γενομένους.</em></span> <span class='ocrx_word' id='word_1_907' title='bbox 2608 5774 2962 5857; x_wconf 78' lang='grc' dir='ltr'><em>²²’ἐνῲκησεν</em></span> <span class='ocrx_word' id='word_1_908' title='bbox 2993 5783 3133 5857; x_wconf 73' lang='grc' dir='ltr'><em>αὕτη</em></span> <span class='ocrx_word' id='word_1_909' title='bbox 3173 5785 3238 5839; x_wconf 64' lang='lat' dir='ltr'><strong><em>ll.</em></strong></span> <span class='ocrx_word' id='word_1_910' title='bbox 3273 5784 3545 5851; x_wconf 61' lang='lat' dir='ltr'><strong><em>Scbolluss</em></strong></span> <span class='ocrx_word' id='word_1_911' title='bbox 3581 5774 3838 5852; x_wconf 65' lang='grc' dir='ltr'><strong><em>ὲνιὲίκησεν</em></strong></span> 
     </span>
    </p>
   </div>
   <div class='ocr_carea' id='block_1_113' title="bbox 604 5844 1028 5918">
    <p class='ocr_par' dir='ltr' id='par_1_113' title="bbox 604 5844 1028 5918">
     <span class='ocr_line' id='line_1_113' title="bbox 604 5844 1028 5918; baseline 0.009 -21"><span class='ocrx_word' id='word_1_912' title='bbox 604 5844 663 5897; x_wconf 73' lang='grc' dir='ltr'><strong><em>ἐν</em></strong></span> <span class='ocrx_word' id='word_1_913' title='bbox 688 5844 824 5918; x_wconf 75' lang='grc' dir='ltr'><em>αὗτῇ</em></span> <span class='ocrx_word' id='word_1_914' title='bbox 857 5847 919 5912; x_wconf 83' lang='lat' dir='ltr'><strong><em>C,</em></strong></span> <span class='ocrx_word' id='word_1_915' title='bbox 958 5845 1028 5901; x_wconf 84' lang='grc' dir='ltr'><strong>Μ.</strong></span> 
     </span>
    </p>
   </div>
  </div>
