4070 6514
526 490 685 563 "32%
1987 489 2133 552 0th

2187 486 2355 551 ΕΝῐὲ
3670 483 3794 547 3⁶226

550 610 735 667 mundi
791 608 1147 664 fabricatores
1197 603 1459 675 quidquid
1503 602 1831 671 voluerunt,
1862 604 2127 674 ejusmodi

2187 625 2201 667 ι
2234 608 2347 658 ἐστι
2375 606 2417 637 ³⁸
2440 604 2599 674 φύσει
2629 604 2798 658 κακὸν
2815 602 2884 669 ⁸⁸⁵,
2904 602 3041 657 ἀλλά
3059 601 3461 657 θέσει.”Εθεντο
3482 601 3609 673 γὰρ,
3628 606 3794 673 φησιν,

550 704 710 759 dictis
742 701 947 773 Opinati
974 700 1027 756 in
1051 701 1370 753 servitutem
1407 697 1656 768 redigere
1688 697 1790 753 sibi
1821 701 2134 753 auscultan-

2232 698 2282 751 οἰ
2318 698 2539 767 ἄγγελοι
2565 697 2615 750 οἰ
2639 697 2733 750 τὸν
2772 696 2978 766 κόσμον
3020 696 3349 766 ποιήσαντες
3383 695 3483 747 ὅσα
3514 692 3796 758 ἐϐούλοντο,

555 805 661 850 tes.
695 793 1031 849 Solutionem
1063 800 1246 846 autem
1278 804 1471 845 rursus
1508 790 1704 844 docent
1734 791 1918 846 mundi
1962 792 2029 845 ad
2065 790 2132 844 li-

2233 789 2323 844 διά
2353 789 2464 842 τῶν
2495 788 2756 843 τοιούτων
2778 787 2952 855 λόγων
2973 778 3196 840 δουλοῦν
3223 786 3541 855 νομίζοντες
3566 785 3686 846 τοὺς
3711 786 3794 836 αὖ·

552 886 885 942 berationem
915 883 1192 954 privornm
1226 881 1507 937 hominum
1533 895 1776 935 suorum.
1929 956 1940 967 .

2233 879 2342 932 τῶν
2380 879 2704 943 ἀκούοντας.
2740 878 2909 931 Λύσιν
2938 877 2996 930 δὲ
3026 872 3185 940 αὖθις
3227 877 3271 908 ⁸³
3301 875 3526 943 λέγουσι
3556 873 3647 926 τοῦ
3685 874 3798 926 κόσ-

2239 990 2341 1044 μου
2378 970 2422 1004 δ’
2461 973 2556 1026 ἐπὶ
2581 969 2850 1043 λυτρώσει
2880 971 2991 1025 τῶν
3027 970 3175 1024 ἰδίων
3204 968 3531 1039 ἀνθρώπιον.

616 1065 709 1121 20.
746 1063 916 1135 [luitis
962 1060 1132 1131 igitur
1169 1057 1423 1128 discipuli
1480 1056 1771 1128 praestigiis
1814 1064 2041 1109 utuntur
2080 1062 2135 1108 et

2309 1072 2373 1120 κ’.
2421 1067 2482 1118 Oi
2515 1060 2607 1119 οὖν
2644 1062 2837 1118 τούτου
2884 1062 3129 1134 μαθηταὶ
3163 1060 3397 1133 μαγείας
3427 1059 3729 1114 ἐπιτελοῦσι
3756 1060 3794 1090 ⁸³

551 1153 1013 1211 incantationibus
1038 1192 1055 1219 ,
1086 1152 1397 1222 philtraque
1431 1159 1485 1203 et
1529 1146 1812 1201 illecebras
1840 1153 1895 1198 et
1923 1144 2014 1213 qui
2048 1144 2134 1197 dis

2236 1159 2330 1213 καὶ
2378 1158 2634 1220 ἐπαοιδὰς
2672 1156 2740 1220 ⁸³,
2786 1155 2984 1227 φίλτρα
3016 1171 3076 1207 τε
3113 1154 3210 1208 καὶ
3258 1152 3520 1223 ἀγώγιμα
3550 1151 3643 1205 καὶ
3693 1151 3804 1212 τοὺς

540 1256 748 1304 cuntur
776 1245 984 1301 sonmia
1025 1244 1359 1297 adducentes
1398 1239 1673 1294 daemones
1720 1236 2017 1291 immittunt
2067 1236 2133 1289 ad

2236 1250 2568 1321 λεγομένους
2626 1249 3065 1322 όνειροπόμπους
3122 1248 3388 1319 δαίμονας
3447 1246 3804 1315 ἐπιπέμπουσι

552 1342 850 1395 irritandos
910 1352 1047 1406 quos
1110 1334 1315 1390 volunt.
1384 1329 1582 1385 Verum
1620 1331 1788 1385 etiam
1850 1327 2134 1398 paredros,

2236 1344 2373 1414 πρὸς
2406 1343 2468 1396 τδ
2493 1343 2791 1414 ταράσσειν
2836 1343 2932 1406 οὒς
2987 1340 3270 1413 βούλονται
3297 1357 3309 1370 ⁸
3347 1340 3486 1394 ἀλλά
3509 1338 3617 1393 καὶ
3654 1338 3805 1409 παρέ-

553 1449 689 1503 quos
721 1440 941 1498 vocant,
960 1436 1241 1490 exercent,
1257 1425 1661 1495 imaginemque
1675 1420 1913 1477 Simonis
1939 1422 2138 1475 habent

2234 1433 2396 1504 δρους
2425 1436 2552 1499 τοὺς
2584 1434 2916 1504 λεγομένους
2947 1432 3232 1497 ἀσκοῦσιν,
3278 1431 3466 1485 εἰκόνα
3500 1446 3561 1482 τε
3608 1428 3698 1482 τοῦ
3729 1428 3806 1480 ΣΞ.

554 1527 608 1579 in
636 1524 785 1579 Jovis
820 1524 1045 1591 ﬁguram
1074 1529 1128 1574 et
1162 1516 1379 1573 Helenae
1408 1515 1588 1586 efﬁgie
1617 1514 1893 1582 Minerva,
1928 1513 2137 1582 hasque

2241 1542 2420 1597 μωνος
2450 1524 2669 1596 ἔχουσιν
2713 1528 2793 1589 εἰς
2822 1524 2946 1589 Διὸς
2980 1523 3196 1595 μορφὴν
3240 1522 3463 1592 καὶτῆς
3506 1510 3724 1590 Ἑλένης
3756 1521 3806 1572 ἐν

553 1620 787 1673 adorant
817 1615 1046 1669 alterum
1079 1619 1338 1665 vocantes
1366 1608 1665 1674 dominum,
1698 1607 1970 1663 dominam
2004 1606 2139 1659 alte-

2241 1615 2423 1684 μορφῇ
2472 1613 2725 1683 Ἀθηνᾶς,
2778 1614 2871 1666 καὶ
2908 1612 3113 1675 ταύτας
3143 1612 3552 1685 προσκυνοῦσι,
3593 1609 3682 1663 τὺν
3721 1610 3808 1680 μὲν

550 1726 691 1767 ram.
720 1708 777 1765 Si
808 1707 931 1778 quis
974 1715 1154 1759 autem
1190 1702 1410 1758 nomine
1437 1700 1653 1757 vocabit
1688 1702 1828 1771 apud
1871 1699 1989 1754 illos
2011 1713 2139 1753 con-

2241 1706 2532 1770 καλοῦντες
2559 1704 2771 1777 κύριον,
2804 1704 2902 1778 τὴν
2934 1706 2993 1759 δὲ
3024 1707 3244 1777 κυρίαν.
3285 1704 3349 1759 Εἰ
3383 1704 3443 1758 δέ
3477 1713 3566 1767 τις
3596 1701 3806 1770 ὀνόματι

552 1800 796 1871 spicatas
868 1795 1132 1864 imagines
1170 1792 1294 1847 illas
1344 1791 1431 1847 vel
1479 1789 1719 1845 Simonis
1763 1788 1844 1843 vel
1898 1787 2135 1855 Helente,

2238 1797 2459 1851 καλέσει
2498 1799 2629 1869 παρ’
2660 1797 2845 1861 αὐτοῖς
2894 1795 3018 1849 ἰδὼν
3044 1796 3145 1858 τὰς
3182 1796 3397 1859 εἰκόνας
3435 1794 3469 1866 ἢ
3513 1790 3805 1864 Σίμωνοςῆ

552 1890 875 1959 repudiatur
896 1895 954 1941 ut
983 1887 1075 1955 qui
1105 1886 1316 1953 ignoret
1343 1882 1623 1953 mysteria.
1663 1878 1762 1935 Hic
1782 1880 1967 1936 Simon
1998 1880 2137 1934 mul-

2202 1957 2207 1961 ι
2251 1886 2489 1961 Ἑλένης,
2530 1888 2838 1958 ἀπόϐλητος
2871 1889 3105 1957 γίνεται,
3140 1888 3219 1952 ὼς
3252 1886 3464 1956 ἀγνοῶν
3504 1885 3572 1938 τὰ
3621 1883 3809 1956 μυστή-

554 1992 641 2036 tos
670 1982 723 2035 in
757 1978 1003 2033 Samaria
1032 1974 1322 2046 praestigiis
1351 1974 1402 2027 in
1434 1984 1673 2028 errorem
1708 1987 1874 2042 agens
1907 1973 1976 2025 ah
2005 1986 2137 2041 apo-

2201 1956 2212 2004 ι
2242 1999 2353 2054 ρια.
2386 1952 2554 2045 θ’ὗτος
2575 1983 2603 2035 ὁ
2640 1952 2822 2052 Σίμων
2854 1952 3099 2044 πολλοὺς
3116 1952 3333 2033 πλανῶν
3358 1982 3417 2034 ἐν
3443 1981 3510 2050 τῇ
3536 1952 3808 2048 Σαμαρείᾳ

554 2070 712 2127 stolis
738 2066 1020 2124 convictus
1059 2075 1144 2121 est
1178 2074 1235 2120 et
1267 2062 1733 2120 exsecrationibus
1756 2064 2002 2129 devotus,
2027 2063 2137 2118 sic-

2242 2073 2500 2146 μαγείαις
2531 2073 2636 2126 ὑπὸ
2666 2072 2774 2126 τῶν
2790 2072 3107 2127 ἀποστόλων
3133 2070 3399 2143 ἠλέγχθη.
3431 2072 3527 2124 καὶ
3551 2070 3808 2139 ἐπάρατος

555 2162 635 2217 uti
672 2160 728 2216 in
769 2160 921 2215 Actis
968 2158 1230 2228 scriptum
1260 2165 1376 2223 est,
1416 2164 1603 2227 postea
1664 2164 1846 2226 spreta
1889 2155 1994 2211 ﬁde
2022 2155 2138 2210 btec

2237 2164 2534 2235 γενόμενος
2554 2202 2571 2230 ,
2603 2163 2789 2227 καθὼς
2826 2164 2883 2217 ἐν
2915 2166 3037 2226 ταῖς
3077 2162 3320 2234 Πράξεσι
3349 2162 3680 2233 γέγραπται,
3728 2159 3808 2213 ὗσ-

555 2267 846 2325 aggressus
873 2260 980 2308 est.
1021 2248 1223 2306 Verum
1274 2249 1358 2306 vel
1416 2263 1589 2321 usque
1641 2248 1709 2304 ad
1752 2246 1978 2304 Romam
2011 2264 2137 2319 proa-

2236 2272 2394 2329 τερον
2424 2257 2804 2328 ἀπευδοκήσας
2840 2255 3014 2310 ταῦτα
3045 2257 3406 2327 ἐπεχείρησεν
3434 2273 3447 2286 ο
3501 2254 3627 2325 ἕωςι
3648 2254 3691 2286 ⁵³
3726 2253 3810 2305 καὶ

555 2358 775 2415 gressus
826 2342 1016 2399 incidit
1064 2345 1121 2396 ln
1172 2340 1483 2411 apostolos,
1536 2339 1623 2395 cui
1665 2340 1892 2393 multum
1945 2339 2138 2394 Petrus

2237 2345 2335 2417 τῆς
2384 2344 2605 2416 Ῥώμης
2632 2345 2976 2417 ἐπιδημήσας
3013 2343 3279 2399 άντέττεσε
3299 2344 3376 2417 [ρ.
3402 2344 3529 2408 176,
3555 2342 3680 2415 178]
3706 2344 3806 2405 τοῖς

552 2438 874 2494 adversatus
918 2442 1003 2491 est
1064 2434 1357 2505 pratstigiis
1426 2431 1707 2488 seducenti
1764 2431 1984 2486 multos.
2038 2430 2137 2485 llic

2236 2435 2583 2501 ἀποστόλοιςο
2648 2437 2786 2509 πρὸς
2850 2437 2909 2490 ὃν
2960 2436 3133 2491 πολλά
3198 2437 3409 2510 Πέτρος
3460 2434 3808 2504 ἀντικατέστη

552 2523 948 2598 258⁸259
986 2532 1263 2594 Ροείηπηθ
1294 2522 1508 2579 demus
1554 2522 1608 2576 ίη
1671 2559 1686 2575 ο
1730 2559 1748 2576 ο
1791 2561 1807 2577 ο
1851 2560 1866 2574 ο
1914 2561 1926 2576 ο
1970 2562 1983 2575 ο
2037 2522 2138 2575 5⁸ιῦ
2242 2529 2500 2603 μαγείαις
2524 2529 2812 2584 πλανῶντα
2852 2528 3101 2593 πολλούς.
3139 2524 3311 2593 Οὗτος
3342 2529 3436 2582 ἐπὶ
3468 2528 3613 2582 τέλει
3654 2524 3809 2580 ἐλθὼν

552 2619 770 2687 platano
815 2616 1106 2673 considens
1142 2614 1393 2670 docebat.
1437 2614 1503 2668 Et
1533 2627 1663 2669 vero
1716 2614 1782 2667 ad
1829 2623 2135 2668 extremum

2238 2622 2299 2674 ἐν
2329 2638 2360 2675 τ
2390 2661 2404 2677 .
2443 2662 2457 2674 .
2489 2660 2502 2673 .
2533 2660 2547 2675 .
2571 2635 2664 2692 τη.
2697 2619 2804 2674 ὑπὸ
2834 2620 3108 2675 πλάτανον
3136 2619 3509 2691 καθεζόμενος
3551 2619 3802 2673 ἐδίδασκε.

546 2724 675 2766 cum
707 2710 762 2764 in
814 2722 882 2764 eo
930 2715 1074 2763 esset
1123 2715 1183 2761 ut
1242 2705 1402 2777 plane
1446 2707 1861 2762 convinceretur
1918 2713 2139 2776 propter

2238 2710 2349 2767 Kal.
2400 2711 2465 2784 δὴ
2528 2711 2716 2765 λοιπὸν
2771 2712 2940 2782 ἐγγὺς
2986 2710 3080 2764 τοῦ
3145 2709 3471 2782 ἐλέγχεσθαι
3533 2708 3804 2781 γινόμενος

557 2801 956 2857 diuturniorem
984 2799 1467 2855 commorationem
1493 2837 1509 2862 ,
1548 2797 1689 2853 dixit
1736 2812 1817 2866 se,
1872 2798 1918 2854 si
1976 2799 2131 2853 vivus

2238 2802 2327 2857 διὰ
2353 2804 2398 2833 ⁸⁸
2425 2803 2488 2857 τὸ
2521 2802 2883 2875 ἐγχρονίζειν,
2910 2801 3040 2873 ἔφη,
3078 2802 3159 2856 ὅτι
3180 2804 3228 2855 εἰ
3250 2801 3490 2874 χωσθείη
3528 2801 3657 2868 ζῶν,
3686 2800 3806 2854 ἀνία

544 2893 947 2964 cooperiretur,
999 2902 1368 2946 surrecturum
1400 2904 1521 2946 esse
1563 2890 1725 2945 tertio
1755 2891 1862 2945 die.
1896 2889 2138 2958 Denique

2240 2896 2499 2965 στήσεται
2532 2898 2597 2967 τῇ
2628 2895 2788 2967 τρίτῃ
2832 2895 3036 2967 ἡμέρᾳ.
3067 2895 3180 2949 Καὶ
3212 2894 3277 2965 δὴ
3315 2895 3531 2967 τάφρον
3560 2891 3806 2954 κελεύσας

548 2983 757 3039 fossam
782 2992 1070 3053 postquam
1104 2979 1268 3050 jussit
1294 2980 1453 3035 ell'odi
1485 2995 1514 3034 a
1539 2979 1818 3050 discipulis
1846 2981 1959 3036 suis
1977 2980 2138 3048 jussit

2237 2989 2504 3059 όρυγῆναι
2533 2988 2639 3042 ὑπὸ
2686 2990 2796 3041 τῶν
2829 2988 3089 3059 μαθητῶν
3133 2988 3393 3042 ἐκέλευσε
3428 2989 3723 3059 χωσθῆναι.
3750 2982 3806 3038 οι

549 3090 610 3130 se
630 3076 921 3146 cooperiri.
946 3076 1026 3132 llli
1046 3078 1210 3147 igitur
1233 3074 1601 3146 quodjussum
1617 3082 1738 3131 erat
1764 3071 2134 3142 perfecerunt,

2241 3081 2339 3152 μὲν
2366 3076 2460 3135 οὖν
2480 3080 2542 3134 τὸ
2573 3080 2918 3153 προσταχθὲν
2944 3082 3233 3152 ἐποίησαν,
3261 3083 3290 3135 ὸ
3317 3082 3375 3135 δέ
3398 3082 3694 3153 ἀπέμεινεν
3713 3082 3806 3142 ἕως

550 3169 645 3224 ille
673 3179 853 3224 autem
904 3169 1079 3223 abfuit
1128 3169 1197 3223 ad
1255 3169 1400 3223 hunc
1446 3167 1631 3233 diem;
1674 3180 1782 3220 non
1833 3166 1978 3220 enim
2019 3174 2139 3221 erat

2238 3174 2367 3228 νῦνο
2401 3176 2461 3228 οὑ
2488 3175 2597 3248 γὰρ
2622 3171 2691 3247 ἦν
2730 3178 2758 3229 ὁ
2789 3165 3053 3248 Χριστός.
3083 3166 3251 3238 Οὗτος
3293 3175 3358 3245 δὴ
3384 3176 3480 3228 καὶ
3502 3176 3531 3229 ό
3555 3173 3693 3227 κατὰ
3724 3172 3805 3224 τὸν

545 3260 823 3317 Christus.
852 3259 1047 3316 lla-cce
1079 3269 1259 3315 autem
1296 3270 1354 3315 et
1398 3262 1463 3314 de
1493 3258 1715 3314 Simone
1743 3258 1920 3313 fabula
1946 3299 1961 3322 ,
1996 3259 2137 3313 unde

2198 3265 2461 3357 :Eipwva
2501 3266 2673 3336 μῦθος
2698 3308 2713 3330 ,
2746 3265 2841 3334 ἀφ’
2883 3259 2945 3319 οὗ
3007 3265 3359 3329 Οὐαλεντῖνος
3408 3265 3513 3329 τὰς
3568 3262 3805 3335 ἀφορμὰς

548 3353 872 3408 Valentinus
931 3352 1208 3423 profectus
1268 3352 1393 3407 aliis
1448 3351 1757 3406 nominibus
1836 3362 2133 3421 nuncupat.

2195 3351 2210 3358 ’
2238 3356 2417 3410 λαϐὼν
2453 3357 2634 3422 ἀλλοις
2684 3358 2912 3429 ὀνόμασι
2948 3358 3128 3414 καλεῖ.
3189 3358 3249 3411 '0
3299 3358 3407 3428 γάρ
3458 3355 3605 3421 νοῦς
3647 3356 3736 3409 καὶ
3770 3354 3802 3420 ἡ

550 3442 703 3499 Mens
752 3443 897 3498 enim
944 3453 1001 3498 et
1034 3444 1228 3497 veritas
1280 3450 1333 3498 et
1372 3441 1522 3512 logus
1552 3452 1609 3496 et
1641 3443 1750 3496 vita
1789 3452 1843 3497 et
1880 3443 2035 3497 homo
2083 3454 2138 3499 et

2236 3451 2489 3517 ἀλήθεια
2516 3453 2612 3505 καὶ
2640 3448 2824 3522 λόγος
2864 3452 2959 3507 καὶ
2989 3450 3101 3521 ζωὴ
3129 3453 3226 3506 καὶ
3250 3451 3570 3520 ἅνθρωπος
3602 3450 3693 3504 καὶ
3721 3448 3806 3502 ἐκέ

547 3530 792 3593 ecclesia,
823 3529 1093 3586 Valentini
1118 3545 1337 3597 aeones,
1386 3541 1573 3601 aperte
1607 3540 1734 3586 sunt
1761 3531 2001 3586 Simonis
2039 3549 2133 3589 sex

2238 3544 2487 3611 πλησία,
2515 3546 2564 3597 οἰ
2585 3544 2940 3598 Οὐαλεντίνου
2962 3542 3178 3608 αἰῶνες,
3200 3544 3651 3615 ὁμολογουμένως
3677 3538 3803 3594 εἰσιν

551 3621 798 3677 radices:
826 3636 995 3686 mens,
1030 3621 1395 3691 intelligentia,
1420 3637 1539 3687 vox,
1558 3638 1768 3687 nomen,
1795 3624 2135 3679 ratiocinatio

2237 3637 2292 3689 αἰ
2344 3636 2390 3668 ⁸⁷
2436 3635 2680 3709 Σίμωνος
2732 3636 2795 3703 ἒξ
2837 3632 3006 3709 ῥίζαι,
3048 3636 3197 3703 νοῦς
3227 3678 3243 3705 ,
3280 3636 3561 3701 ἐπίνοια,
3613 3634 3804 3705 φωνὴν

546 3722 605 3768 οι
632 3714 900 3784 cogitatio.
936 3712 1041 3770 Sed
1064 3714 1599 3785 quoniamvidemur
1624 3715 1778 3770 nobis
1808 3717 1942 3771 satis
1969 3732 2135 3789 expo-

2238 3726 2446 3798 ὅνομα,
2465 3730 2760 3800 λογισμὸς
2783 3731 2877 3784 καὶ
2906 3729 3260 3798 ἐνθύμησις.
3303 3728 3443 3783 Ἀλλ’
3470 3730 3597 3783 ἐπεὶ
3622 3725 3806 3787 ἱκανῶς

547 3804 726 3860 suisse
750 3804 991 3861 Simonis
1012 3815 1323 3862 commenta
1354 3805 1680 3872 fabularum,
1710 3807 1988 3863 videamus
2008 3809 2135 3881 quid

2236 3822 2370 3893 ἡμῖν
2402 3821 2551 3875 δοκεῖ
2600 3822 2944 3877 ἐκτεθείσθαι
2994 3824 3097 3896 τὴν
3150 3823 3396 3892 Σίμωνος
3451 3819 3802 3894 μυθοποιίαν.

546 3903 604 3952 et
630 3895 946 3953 Valentinus
975 3897 1145 3952 dicat.
2240 3912 2447 3984 ἴδωμεν
2477 3913 2532 3968 τί
2562 3913 2711 3983 λέγει
2742 3914 2837 3968 καὶ
2870 3895 3243 3980 Οὐαλεντῖνος.

614 3986 707 4042 2|.
734 3987 828 4042 Est
864 3997 1043 4043 autem
1077 3986 1346 4045 Valentini
1393 3998 1540 4045 secta
1586 3988 1660 4043 ita
1702 3999 2039 4059 comparata,
2081 3999 2138 4044 ut

2309 4012 2417 4061 κα¹.
2461 4006 2618 4060 Ἔστι
2661 4006 2759 4077 μὲν
2782 4003 2874 4060 οὖν
2909 4008 2943 4078 ἡ
2972 4006 3329 4062 Οὐαλεντίνου
3381 4006 3599 4077 αἵρεσις
3636 4003 3803 4058 Πυθα-

544 4077 960 4150 Pytliagoricam
1005 4080 1206 4137 referat
1259 4091 1310 4136 et
1342 4078 1673 4136 Platonicam
1699 4080 2021 4137 doctrinam.
2047 4082 2138 4137 Et-

2236 4097 2466 4169 γορικὴν
2500 4096 2698 4168 ἔχουσα
2738 4098 2834 4151 καὶ
2864 4077 3219 4170 Πλατωνικὴν
3250 4096 3351 4168 τὴν
3386 4098 3667 4152 ὑπόθεσιν.
3705 4093 3804 4149 Καὶ

545 4172 690 4224 enim
719 4170 869 4225 Plato
900 4172 953 4223 in
973 4168 1173 4225 Timaeo
1196 4172 1411 4241 penitus
1436 4171 1703 4241 espressit
1731 4170 2090 4243 Pythagoram
2117 4188 2133 4240 ς

2235 4168 2347 4258 γάρ
2379 4187 2605 4242 Πλάτων
2645 4188 2782 4252 ὅλως
2809 4188 2853 4221 ⁸⁸
2885 4189 2945 4243 ὲν
2981 4188 3062 4255 τῷ
3109 4168 3323 4259 Τιμαίῳ
3354 4180 3445 4243 τὸν
3491 4188 3801 4259 Πυθαγόραν

546 4261 671 4316 ideo
695 4262 933 4316 Timteus
959 4272 1011 4315 et
1039 4262 1156 4330 ipse
1188 4271 1272 4317 est
1292 4264 1341 4316 ei
1367 4262 1737 4333 Pythagoreus
1760 4263 1974 4333 hospes.
1995 4266 2137 4330 Qua-

2236 4277 2560 4349 άπεμάξατο
2591 4278 2636 4312 ⁸³
2657 4294 2671 4308 ·
2703 4278 2996 4350 τοιγαροῦν
3029 4281 3121 4334 καὶ
3155 4282 3183 4333 ὁ
3214 4280 3446 4350 Τίμαιος
3476 4280 3642 4339 αὐτός
3668 4278 3802 4332 ἐστιν

543 4362 766 4422 propter
828 4354 1004 4421 placet
1050 4354 1490 4409 commemoratis
1557 4354 1743 4422 paucis
1811 4356 2133 4424 quibusdam

2235 4368 2385 4440 αὐτῴ
2416 4364 2782 4440 Πυθαγόρειος
2805 4369 2973 4434 ξένος.
3015 4371 3108 4424 Διὸ
3133 4362 3282 4424 δοκεί
3316 4370 3474 4438 ὀλίγα
3500 4371 3604 4441 τῆς
3637 4367 3801 4423 Πυθα-

545 4446 898 4518 Pythagorea:
942 4457 994 4503 et
1022 4445 1315 4503 Platonicae
1348 4448 1606 4505 doctrinae
1637 4450 1703 4505 ad
1736 4448 2002 4507 Valentini
2028 4453 2137 4508 de-

2235 4462 2455 4534 γορείου
2487 4462 2585 4516 καὶ
2629 4462 2990 4532 Πλατωνικῆς
3030 4463 3077 4495 ⁸⁸
3117 4461 3573 4533 ὑπομνησθέντας
3615 4458 3800 4516 ὑποθέ-

544 4548 694 4595 ereta
747 4540 1065 4611 exponenda
1104 4539 1353 4597 transire.
1409 4539 1619 4598 Etenim
1675 4544 1890 4600 tametsi
1945 4544 1998 4599 in
2053 4546 2135 4602 eis

2237 4568 2376 4616 σεως
2398 4550 2669 4624 άρξασθαι
2690 4553 2783 4607 καὶ
2807 4551 2876 4606 τὰ
2901 4552 3259 4608 Οὐαλεντίνου
3284 4552 3485 4622 λέγειν.
3524 4553 3589 4609 Ei
3616 4552 3722 4621 γὰρ
3749 4548 3792 4581 ⁵⁸

544 4644 680 4699 quos
720 4632 871 4701 prius
896 4630 1228 4687 coniecimus
1271 4630 1425 4688 libris
1451 4632 1632 4688 insunt
1664 4641 1719 4688 et
1741 4632 2057 4706 Pythagorae
2076 4642 2129 4691 et

2191 4641 2331 4698 lxal
2365 4646 2424 4698 ἐν
2459 4647 2573 4708 τοῖς
2615 4644 2883 4716 πρότερον
2934 4645 3027 4712 ὑφ’
3069 4644 3229 4716 ἡμῶν
3266 4646 3670 4716 πεπονημένοις
3713 4641 3798 4710 ἔτι

544 4720 752 4777 Platoni
803 4737 924 4793 qua:
975 4722 1318 4793 placuerunt,
1363 4733 1541 4779 tamen
1597 4725 1760 4780 etiam
1819 4741 1960 4783 nunc
2020 4743 2125 4783 non

2233 4754 2445 4791 κεινται
2476 4736 2572 4790 καὶ
2598 4735 2668 4789 τὰ
2709 4734 3008 4807 Πυθαγόρᾳ
3042 4735 3136 4788 καὶ
3170 4734 3418 4788 Πλάτωνι
3450 4733 3796 4805 δεδοκημένα,

539 4822 738 4885 praeter
763 4829 874 4870 rem
902 4818 1341 4872 commemorabo
1376 4831 1471 4887 per
1495 4818 1766 4887 epitomen
1802 4829 1859 4875 et
1885 4835 2122 4875 summa-

2231 4829 2370 4884 ἀλλά
2409 4844 2474 4897 γε
2512 4828 2607 4880 καὶ
2653 4825 2750 4879 νῦν
2795 4827 2896 4880 οὐκ
2940 4826 3154 4895 ἀλόγως
3203 4826 3703 4901 ὑπομνησθήσομαι
3736 4823 3797 4878 δι’

540 4908 638 4962 tim
672 4906 869 4977 placita
911 4922 1121 4975 eorum,
1149 4923 1257 4979 quo
1289 4909 1501 4965 facilius
1528 4922 1985 4981 recognoscantur
2009 4912 2131 4968 Va-

2232 4919 2505 4990 ἐπιτομῆς
2531 4918 2628 4972 καὶ
2658 4918 3067 4987 κορυφαιότατα
3112 4916 3222 4969 τῶν
3266 4918 3452 4981 αὐτοῖς
3496 4916 3796 4988 ἀρεσκομέ·

535 4998 730 5054 lentini
778 4999 995 5054 decreta
1031 5015 1133 5071 per
1176 5001 1481 5071 propiorem
1536 5003 2016 5073 juxtapositionem
2074 5017 2130 5063 et

2232 5028 2361 5077 νων,
2390 5009 2528 5082 πρὸς
2558 5009 2619 5063 τὸ
2663 5006 3043 5079 εὐεπίγνωστα
3073 5008 3328 5078 γενέσθαι
3358 5009 3431 5063 τὰ
3460 5009 3793 5077 Οὐαλεντίνῳ
3826 5022 3828 5029 '

535 5091 762 5160 parilem
793 5094 1273 5164 comparationem,
1309 5110 1435 5151 cum
1484 5094 1561 5151 illi
1610 5092 1827 5166 quidem
1881 5097 2012 5154 olim
2061 5103 2130 5158 ab

2237 5103 2467 5170 δόξαντα
2503 5101 2593 5158 διὰ
2646 5102 2746 5173 τῆς
2796 5101 3041 5172 ἐγγίονος
3063 5101 3441 5171 ’παραθέσεως
3472 5104 3569 5160 καὶ
3617 5100 3795 5174 ὁμοίας
3828 5160 3832 5169 ,

1848 5234 2083 5293 VARUE
2124 5232 2526 5296 LECTIONES.
3826 5196 3831 5263 ἒ
3863 5292 3871 5298 .

603 5364 818 5439 "fﬁeri.
879 5360 995 5421 ἐστί
1041 5383 1093 5421 τι
1142 5360 1447 5425 Bttnsenius
1495 5366 1533 5426 i.
1597 5368 1635 5424 l.
1747 5364 1792 5401 ⁸⁸
1847 5371 2034 5425 κακόν.
2094 5374 2210 5426 κακὲ

2185 5373 2260 5436 to;
2303 5374 2367 5439 C,
2426 5372 2500 5427 M.
2617 5371 2662 5405 “
2706 5370 2876 5426 Λύσιν
2949 5369 3006 5425 δὲ
3081 5364 3259 5434 αὖθις.
3320 5368 3485 5421 Φύσιν
3537 5368 3593 5421 δὲ
3650 5362 3792 5430 αὖθις

535 5434 702 5515 _C,_M2
730 5439 926 5515 ᾼύσειν
956 5439 1022 5515 δὲ-
1042 5440 1205 5494 αὑτὸν
1244 5441 1548 5515 Bnnsenins
1585 5441 1623 5496 Ι.
1660 5440 1695 5515 |_.
1731 5455 1786 5511 p.
1814 5441 1984 5515 35⁸4..Δ
2015 5441 2061 5471 δ’
2085 5459 2142 5495 το

2208 5434 2441 5515 κόσμου.
2474 5445 2565 5497 τον
2590 5445 2795 5513 κόσμον
2829 5442 2892 5505 C,
2926 5441 3007 5504 Μ,
3052 5440 3356 5515 Bnnsenins
3392 5440 3425 5493 Ι.
3472 5439 3508 5494 1.
3582 5440 3626 5470 ⁸³
3659 5440 3787 5515 l_ren.

536 5504 576 5583 |_o
606 5505 640 5559 Ι.
669 5505 697 5577 §
726 5509 780 5562 4.
816 5509 981 5579 igitur
1011 5512 1203 5583 horum
1242 5511 1453 5583 mystici
1500 5504 1810 5583 sacerdotes
1837 5511 2126 5567 libidinose
2153 5504 2370 5583 quidem
2408 5518 2612 5582 vivunt,
2648 5504 2853 5583 inagias
2882 5504 3083 5583 autem
3121 5511 3425 5579 perﬁciunt,
3455 5508 3791 5583 quemadmm

428 5595 430 5598 ν
538 5577 663 5626 tlnm
694 5577 881 5650 potest
912 5577 1591 5650 unusquisqne'ipsorum.
1641 5582 1972 5637 Exorcismis
2000 5592 2053 5636 et
2109 5577 2573 5639 incantationibus
2598 5577 2861 5638 'utnn'tnr.
2896 5577 3174 5638 Amatoria
3222 5594 3437 5650 quoque
3470 5577 3525 5634 et
3557 5580 3789 5648 agogiuta

535 5653 591 5738 et
613 5646 706 5738 qui
732 5646 1233 5738 dicunturcparedri
1261 5646 1683 5738 etoniropompi
1720 5662 1773 5738 et
1802 5667 2140 5738 queecuque
2167 5663 2298 5736 sunt
2327 5655 2714 5738 aliaperiergan
2736 5651 2875 5723 apud
2900 5667 3001 5738 eo_s_
3022 5646 3627 5738 studiose.exercentur.
3658 5646 3788 5738 ima-

535 5718 714 5815 ginem
731 5731 959 5837 quoque
988 5718 1460 5820 Simonisj‘tabent
1482 5718 1678 5824 faciant
1705 5726 1771 5821 ad
1807 5718 2033 5794 ﬁguram
2058 5718 2142 5777 101

554 5852 563 5853 ί
612 5801 753 5853 μαγς
780 5803 868 5845 αις
895 5815 962 5827 -
999 5789 1274 5853 ἐπαοιδαις
1306 5791 1369 5853 C.
1400 5791 1471 5845 M.
1548 5792 1569 5825 ⁸
1626 5793 1750 5853 ἕως.
1785 5793 1890 5853 ἕως
1920 5792 2016 5848 δὲῖ
2091 5794 2136 5826 ⁸⁸

2184 5740 2232 5786 s.
2267 5734 2321 5779 et
2358 5718 2571 5779 Helena:
2596 5718 2660 5779 in
2687 5725 2717 5777 ﬁ
2761 5718 2912 5778 uram
2952 5720 3167 5787 Martis,
3195 5732 3250 5777 et
3275 5721 3372 5775 has
3400 5720 3643 5784 adorant,
3677 5726 3789 5771 eaet.

2183 5796 2271 5849 ῑιά.
2302 5795 2384 5853 δὶς
2410 5792 2473 5850 C.
2549 5795 2593 5828 ⁸⁷
2623 5795 2673 5848 οἱ
2699 5739 2762 5853 (Ξ
2793 5792 2865 5848 Μ.
2944 5794 2988 5825 ⁸⁸
3015 5792 3137 5853 ὃλος
3170 5808 3251 5853 pr.
3278 5792 3337 5848 C.
3418 5787 3790 5853 ι*νόῑιιιτομοὶξαιτῖυ

536 5801 583 5815 τ’
612 5801 868 5855 μαγειαις
895 5815 962 5827 -
999 5801 1277 5855 επαοιδαῐς
1306 5801 1369 5853 L‘.
1401 5801 1471 5845 Μ.
1548 5801 1592 5825 ⁵⁵
1626 5801 1750 5856 ἓως.
1785 5801 1890 5866 ἕως
1920 5801 2016 5848 δεῖ
2091 5801 2136 5826 ⁵⁵

621 5856 717 5980 ’ἐξ
742 5856 1094 5996 Extruxitth
1118 5875 1201 5929 pr.
1232 5863 1295 5929 ti,
1323 5862 1609 5928 Πλάτωνος
1633 5879 1775 5918 corr.
1810 5862 1873 5919 C.
1949 5863 1990 5896 "
2028 5864 2115 5923 Cf.

2179 5801 2271 5849 ad.
2302 5801 2384 5859 δἰς
2410 5801 2473 5850 C.
2549 5801 2593 5828 "
2623 5801 2673 5848 οἱ
2699 5801 2762 5856 C,
2793 5801 2865 5848 ill.
2944 5801 2988 5825 "
3015 5801 3137 5857 ὀλος
3170 5808 3251 5863 pr.
3278 5801 3337 5848 (λ.
3418 5801 3462 5821 "
3489 5801 3786 5859 ἀπομαςατο

2179 5881 2305 5936 npra
2338 5866 2373 5919 Ι.
2410 5881 2451 5932 l,
2478 5881 2526 5921 c.
2556 5864 2611 5931 Ξ,
2643 5881 2699 5936 p.
2730 5865 2763 5919 8
2798 5865 2902 5931 ﬂ;
2939 5880 2990 5920 c.
3021 5863 3107 5933 l9,
3146 5879 3199 5934 p.
3226 5863 3432 5929 50-38;
3464 5861 3499 5915 Ι.
3527 5874 3601 5929 tv,
3627 5874 3677 5914 c.
3703 5855 3786 5919 ει.
