4070 6522
236 471 373 537 3259

1321 475 1616 535 CONTRA
1656 474 2019 536 H.ERESES
2048 476 2192 535 LIB.
2224 476 2324 538 VI.

3348 480 3491 544 3260

240 586 334 637 καὶ
366 581 708 652 ἐπαναχέων,
741 581 1108 652 ἀναλυομένου
1150 582 1190 611 ⁸⁷
1226 583 1320 636 τοῦ
1369 586 1662 657 φαρμάκου
1714 585 1821 641 ὑπὸ

1926 586 2500 657 postquam.sublevit,
2541 586 2701 656 idque
2730 595 2985 657 tauquam
3016 587 3150 644 nihil
3173 588 3304 645 insit
3332 606 3488 647 mon-

241 679 338 744 τῆς
370 674 466 726 τοῦ
500 672 670 743 ὑγροῦ
692 672 917 743 μίξεως,
940 674 1094 736 ὄντος
1122 673 1400 742 φυσώδους
1425 717 1440 739 ,
1478 676 1816 749 πλεονασμὸς

239 766 332 820 τοῦ
368 766 715 837 κεράσματος
751 767 966 834 ἐγίνετο
1008 766 1103 820 καὶ
1142 766 1235 820 ἐπὶ
1267 766 1521 821 τοσοῦτον
1565 769 1815 839 ηὔξανεν,

238 856 296 918 ἐς
340 856 464 908 ὅσον
510 857 981 925 ἐπαναχυνόμενον
1030 857 1292 921 ἐκινεῖτο,
1345 857 1602 927 τοιαύτης
1650 858 1817 930 οὔσης

241 948 338 1016 τῆς
363 946 456 999 τοῦ
494 948 782 1017 φαρμάκου
821 948 1056 1016 φύσεως
1084 948 1113 1000 ὃ
1146 950 1195 1001 εί
1220 948 1473 1003 ἀπόθοιτό
1502 950 1547 982 ³⁸
1569 968 1653 1014 τις
1678 951 1815 1022 πλη-

242 1038 435 1107 ρωθὲν,
471 1040 587 1109 μετ’
612 1039 675 1091 ού
707 1039 839 1092 πολὺ
876 1041 955 1102 είς
983 1038 1042 1092 τὸ
1074 1039 1217 1094 κατά
1240 1040 1399 1108 φύσιν
1430 1042 1625 1112 μέτρον
1654 1044 1818 1097 πάλιν

241 1132 604 1199 τραπήσεται,
624 1131 725 1200 τῆς
747 1131 841 1184 τοῦ
866 1133 1160 1203 φαρμάκου
1186 1133 1469 1203 δυνάμεως
1498 1134 1818 1206 σϐεσθείσης

240 1225 305 1292 τῇ
330 1222 423 1275 τοῦ
457 1222 627 1292 ὑγροῦ
657 1226 973 1294 παραμονῇ.
1008 1225 1099 1278 Διὸ
1135 1224 1273 1295 μετά
1302 1226 1539 1296 σπουδῆς
1566 1228 1682 1290 τοῖς
1714 1244 1821 1279 πα-

243 1311 398 1381 ροῦσι
428 1313 742 1383 προσεδίδου
781 1314 974 1378 πίνειν,
1022 1316 1071 1368 οί
1113 1316 1171 1369 δὲ
1199 1315 1275 1378 ὡς
1309 1316 1451 1370 θεῖόν
1486 1335 1538 1370 τι
1586 1320 1680 1372 καὶ
1710 1318 1818 1389 θεῷ

243 1405 684 1476 μεμελετημένον
707 1407 1027 1476 φρίσσοντες
1048 1406 1163 1478 ἅμα
1203 1409 1298 1461 καὶ
1335 1410 1656 1474 σπεύδοντες
1693 1410 1815 1465 ἔπι-

240 1514 349 1551 νον.

312 1587 392 1660 [ρ.
429 1587 717 1659 201-205.]
743 1594 852 1658 μα’.
872 1589 1182 1643 Τοιαῦταδέ
1203 1592 1297 1644 καὶ
1317 1591 1483 1661 ἔτερα
1517 1592 1814 1662 ἐπεχείρει,

238 1684 268 1735 6
296 1681 498 1743 πλάνος
523 1683 715 1734 ποιεῖν·
740 1681 820 1735 διὸ
850 1680 956 1734 ὑπὸ
974 1680 1086 1735 τῶν
1112 1682 1490 1753 ἀπατωμένων
1513 1683 1815 1749 ἐδοξάζετο,

1923 681 2136 744 stravit,
2168 688 2223 733 et
2262 677 2454 734 aﬁ‘udit
2480 693 2549 733 cx
2594 678 2805 734 minore
2835 688 2890 734 et
2926 695 3116 736 rursus
3149 679 3361 747 ati‘udit,
3398 698 3487 737 re-

1924 766 2099 820 soluto
2133 782 2231 836 per
2279 768 2559 822 misturam
2618 768 2828 822 humidi
2876 769 3274 826 medicamento
3304 781 3491 840 utpote

1921 857 2195 915 ﬂatuoso:
2246 858 2542 914 abundavit
2587 860 2814 914 mistura
2840 872 2896 913 et
2945 862 2995 913 in
3036 870 3242 915 tantum
3292 864 3488 925 erevit,

1923 949 1976 1002 in
1998 960 2258 1017 quantum
2289 949 2343 1003 id
2375 950 2519 1019 quod
2555 949 2787 1006 aﬂ'usunt
2820 962 2905 1006 est
2937 954 3300 1019 movebatur,
3341 969 3490 1021 quo-

1922 1041 2067 1094 niam
2102 1041 2205 1097 ista
2256 1051 2341 1097 est
2397 1041 2778 1097 medicamenti
2825 1051 3039 1097 natura.
3082 1043 3239 1111 Quod
3276 1044 3320 1098 si
3367 1045 3492 1115 quis

1920 1143 2167 1201 seponat,
2212 1150 2318 1190 non
2366 1135 2533 1189 multo
2565 1144 2686 1204 post
2729 1136 2781 1189 in
2821 1134 3123 1189 naturalem
3177 1151 3489 1190 mensuram

1921 1238 2110 1278 rursus
2135 1224 2326 1291 abibit,
2352 1226 2731 1280 medicamenti
2776 1225 2826 1278 vi
2854 1226 3122 1280 exstincta
3157 1227 3361 1280 humidi
3406 1244 3493 1281 re-

1922 1314 2223 1370 mansione.
2267 1314 2391 1369 ideo
2422 1325 2781 1386 properanter
2822 1317 2889 1371 iis
2912 1318 3002 1385 qui
3032 1317 3263 1372 aderant
3288 1318 3493 1387 prtebe—

1922 1403 2013 1458 bat
2035 1415 2246 1473 potum,
2283 1406 2358 1459 illi
2381 1414 2558 1459 autem
2599 1415 2859 1475 tanquam
2881 1407 3125 1461 divinum
3150 1408 3408 1477 quiddam
3437 1420 3495 1461 et

1921 1494 2031 1551 Deo
2055 1495 2372 1553 meditatum
2400 1498 2685 1553 horrentes
2707 1499 2867 1553 simul
2884 1508 2937 1553 et
2958 1510 3182 1556 aventes
3207 1500 3483 1555 bibebant.

1988 1585 2335 1656 300-301
2394 1588 2483 1640 Μ.
2535 1586 2697 1641 Talia
2753 1601 2880 1642 vero
2934 1597 2987 1642 et
3040 1588 3144 1642 alia
3195 1590 3495 1643 conabatur

1918 1679 2281 1748 pmstigiator
2316 1677 2406 1732 ille
2456 1679 2655 1741 facere,
2697 1690 3029 1750 quapropter
3064 1680 3117 1734 in
3142 1694 3330 1735 eorum
3359 1695 3496 1750 quos

241 1774 336 1823 καὶ
385 1773 518 1825 ποτέ
545 1772 589 1803 ⁸³
628 1772 790 1836 αὐτὸς
827 1772 1111 1843 ἐνομίζετο
1144 1775 1532 1845 προφητεύειν,
1579 1776 1711 1829 ποτὲ
1759 1777 1816 1829 δὲ

1926 1770 2129 1837 decepit
2161 1768 2526 1823 admiratione
2557 1780 2697 1835 erat,
2741 1779 2797 1824 et
2825 1771 3115 1841 aliquando
3159 1770 3275 1839 ipse
3307 1770 3497 1827 crede—

242 1866 338 1917 καὶ
363 1864 582 1934 ἐτέρους
612 1864 785 1918 ἐποίει
807 1905 821 1926 ,
858 1866 947 1920 ὅτε
988 1866 1085 1935 μὲν
1116 1867 1207 1920 καὶ
1234 1867 1321 1920 διὰ
1345 1868 1615 1937 δαιμόνων
1646 1868 1817 1923 ταῦτα

1926 1861 2081 1916 batur
2124 1860 2431 1924 vaticinari,
2490 1860 2782 1931 aliquando
2831 1870 3011 1915 autem
3056 1870 3111 1916 et
3156 1861 3291 1915 alios
3336 1859 3495 1917 iusti-

242 1955 506 2023 ἐνεργῶν,
551 1956 640 2009 ὅτε
688 1955 744 2008 δὲ
794 1956 888 2009 καὶ
941 1956 1208 2021 κυϐεύων,
1267 1956 1278 2026 Ι
1349 1956 1423 2021 ὡς
1462 1958 1815 2028 προείπομεν.

1926 1952 2131 2018 tuebat,
2197 1966 2322 2008 cum
2378 1961 2490 2007 tum
2543 1968 2639 2022 per
2685 1952 2958 2014 daemones
3009 1954 3123 2008 haec
3186 1952 3496 2023 peragebat,

243 2045 479 2109 Πολλοὺς
508 2047 557 2078 ⁵⁸
585 2046 763 2101 τοίνυν
790 2047 1142 2117 ἐξαφανίσας,
1166 2049 1261 2102 καὶ
1291 2049 1519 2113 πολλοὺς
1546 2049 1820 2115 τοιούτους

1926 2053 2037 2099 tum
2091 2058 2221 2101 vero
2270 2052 2327 2099 et
2374 2044 2686 2115 praestigiis,
2755 2054 2813 2099 ut
2872 2045 3242 2114 prazdiximus.
3305 2043 3499 2099 Multos

244 2137 496 2207 μαθητὰς
562 2138 727 2192 αὑτοῦ
778 2139 1105 2209 γενομένους
1156 2139 1518 2210 προεϐίϐασεν
1566 2141 1822 2207 εὐκόλους

246 2228 346 2298 μὲν
378 2224 520 2282 εἶναι
562 2229 777 2293 διδάξας
808 2230 945 2301 πρὸς
989 2230 1051 2283 τὸ
1093 2231 1451 2303 ἁμαρτάνειν,
1504 2232 1821 2298 ἀκινδύνους

241 2323 298 2377 δὲ
330 2322 419 2375 διὰ
450 2322 512 2376 τὸ
534 2318 669 2375 εἶναι
691 2322 735 2354 ⁸⁸
767 2322 869 2392 τῆς
898 2322 1111 2386 τελείας
1140 2323 1421 2395 δυνάμεως
1444 2323 1541 2378 καὶ
1577 2325 1822 2396 μετέχειν

240 2414 343 2482 τῆς
370 2413 690 2484 ἀνεννοήτου
728 2412 974 2477 ἐξουσίας
993 2430 1010 2444 ·
1046 2406 1129 2476 οἷς
1158 2413 1253 2467 καὶ⁵
1283 2414 1420 2482 μετά
1445 2413 1507 2466 τὸ
1539 2412 1823 2483 βάπτισμα

240 2503 435 2573 ἕτερον
476 2502 935 2571 ἐπαγγέλλονται,
986 2503 1016 2556 ὃ
1067 2503 1321 2558 καλοῦσιν
1353 2503 1818 2573 ἀπολύτρωσιν,

243 2598 340 2649 καὶ
356 2597 416 2648 ἐν
445 2594 620 2665 τούτῳ
646 2595 1077 2665 ἀναστρέφοντες
1112 2594 1298 2659 κακῶς
1324 2596 1451 2658 τοὺς
1491 2596 1674 2658 αὐτοῖς
1715 2612 1821 2650 πα·-

245 2687 580 2758 ραμὲνοντας
610 2686 699 2740 ἐπ’
728 2687 902 2740 ἐλπίδι
939 2687 1037 2757 τῆς
1064 2686 1518 2757 ἀπολυτρώσεως,
1546 2686 1624 2751 ὡς
1648 2688 1692 2720 ⁸⁸
1730 2689 1822 2742 δυρ

242 2779 513 2848 ναμένους
563 2780 702 2849 μετά
732 2779 794 2833 τὸ
821 2779 969 2846 ἅπαξ
1016 2779 1411 2849 βαπτισθέντας
1451 2780 1614 2835 πάλιν
1643 2781 1690 2813 ⁵³
1728 2798 1822 2835 τυρ-

242 2873 360 2940 χεῖν
405 2871 675 2938 ἀφέσεως,
727 2870 815 2924 διά
860 2869 956 2924 τοῦ
979 2872 1027 2904 ⁸⁸
1072 2869 1316 2924 τοιούτου
1362 2872 1823 2943 πανουργήματος

244 2960 491 3029 συνέχειν
522 2959 737 3013 δοκοῦσι
768 2962 895 3025 τοὺς
924 2961 1197 3032 ἀκροατὰς
1216 3002 1230 3025 ,
1261 2960 1352 3025 οὒς
1388 2962 1526 3015 ἐπὰν
1560 2963 1823 3033 νομίσωσι

243 3050 631 3120 δεδοκιμάσθαι
662 3050 756 3104 καὶ
782 3050 1042 3105 δύνασθαι
1087 3051 1382 3121 φυλάσσειν
1419 3052 1600 3115 αὐτοῖς
1633 3051 1703 3105 τὰ
1734 3068 1824 3105 πι-

245 3143 369 3207 στά,
397 3143 520 3197 τότε
552 3143 647 3197 ἐπὶ
675 3142 833 3197 τοῦτο
855 3144 1047 3213 ἄγουσι
1076 3145 1210 3215 μηδὲ
1236 3144 1409 3215 τούτῳ
1436 3145 1584 3215 μόνῳ
1621 3144 1823 3215 ἀρκού-

246 3251 423 3304 μενοι,
453 3233 593 3288 ἀλλά
617 3235 711 3288 καὶ
748 3234 935 3304 ἔτερόν
958 3251 1012 3288 τι
1041 3235 1501 3306 ἐπαγγελλόμενοι
1527 3236 1575 3268 ³³
1602 3236 1741 3306 πρὸς
1764 3235 1825 3289 τὸ

244 3326 579 3396 συγκρατεῖν
610 3326 806 3387 αὐτοὺς
844 3329 911 3397 τῇ
951 3326 1157 3392 ἐλπίδι,
1188 3328 1337 3391 ὃπως
1374 3327 1669 3399 ἀχώριστοι
1698 3322 1821 3383 ὦσι.

241 3418 480 3485 Λέγουσι
510 3419 620 3489 γάρ
643 3436 698 3471 τι
728 3421 878 3489 φωνῇ
910 3418 1164 3490 ἀρρήτῳ,
1192 3419 1525 3484 ἐπιτιθέντες
1563 3423 1722 3491 χεῖρα
1749 3420 1826 3493 τῷ

240 3509 343 3577 τὴν
372 3508 751 3579 ἀπολύτρωσιν
778 3509 1019 3576 λαϐόντι,
1062 3510 1090 3563 ὂ
1129 3514 1433 3579 φάσκουσιν
1456 3511 1692 3577 ἐξειπεῖν
1732 3512 1826 3566 εύ-

245 3600 419 3662 κόλως
460 3600 533 3669 μὴ
579 3599 874 3666 δύνασθαι,
906 3604 954 3653 εἰ
991 3602 1063 3673 μή
1107 3620 1191 3664 τις
1224 3602 1308 3674 εἴη
1356 3603 1756 3674 ὑπερδόκιμος,
1792 3602 1827 3673 ἢ

241 3692 333 3744 ὅτε
381 3692 609 3762 τελευτᾷ
651 3692 785 3760 πρὸς
815 3693 877 3745 τὸ
915 3689 1008 3756 οὖς
1049 3694 1220 3747 ἐλθὼν
1259 3694 1407 3765 λέγει
1436 3696 1465 3748 6
1506 3696 1824 3759 ἐπίσκοπος.

246 3781 362 3834 Καὶ
396 3782 553 3834 τοῦτο
582 3782 639 3835 δέ
673 3784 1039 3856 πανούργημα
1079 3786 1216 3856 πρὸς
1264 3786 1322 3839 τὸ
1365 3786 1454 3839 ἀεὶ
1492 3788 1829 3857 παραμένειν

243 3875 375 3937 τοὺς
421 3874 672 3943 μαθητὰς
704 3874 781 3945 τῷ
810 3876 1118 3947 ἐπισκόπῳ,
1153 3876 1509 3946 γλιχομένους
1540 3877 1732 3947 μαθεῖν
1768 3878 1829 3931 τὸ

241 3967 294 4018 τί
348 3982 483 4018 ποτε
522 3966 607 4037 εἴη
655 3966 813 4020 τοῦτο
877 3968 965 4020 ἐπ’
1004 3968 1249 4038 ἐσχάτων
1296 3966 1612 4037 λεγόμενον,
1660 3967 1729 4021 δι’
1766 3963 1828 4024 οὖ

245 4057 405 4129 [τῶν]
436 4058 483 4090 ⁵⁸
514 4060 735 4113 τελείων
778 4061 931 4112 ἔσται
965 4062 994 4114 6
1029 4059 1335 4132 μανθάνωνο
1375 4059 1413 4113 δ.
1438 4058 1631 4112 τούτου
1670 4059 1829 4131 χάριν

243 4148 557 4219 ἐσιώπησα,
590 4151 666 4220 μή
701 4150 833 4203 ποτέ
866 4167 950 4213 τις
994 4147 1417 4220 κακοηθίζεσθαί
1441 4149 1485 4180 ⁸¹¹
1531 4166 1598 4220 με
1632 4150 1829 4213 αὐτοὺς

242 4242 448 4314 νομίσῃ
467 4280 481 4302 ,
510 4243 605 4294 καί⁸
633 4242 743 4313 γάρ
775 4244 836 4295 ού
866 4241 1027 4295 τοῦτο
1049 4244 1181 4313 ἡμῖν
1206 4242 1527 4315 πρόκειται,
1563 4241 1678 4295 ἀλλ’
1705 4242 1749 4313 ἢ
1771 4241 1832 4295 τὸ

241 4333 453 4401 δεῖξαι,
485 4333 606 4388 ὅθεν
627 4333 725 4400 τάς
750 4334 1005 4405 ἀφορμὰς
1031 4334 1287 4399 λαϐόντες
1310 4335 1493 4397 αὐτοῖς
1513 4333 1582 4387 τὰ
1606 4333 1833 4401 δόξαντα

244 4425 619 4497 ἐνεστήσαντο
648 4425 714 4480 ⁸⁸.

310 4605 420 4677 λβ’.
458 4606 570 4658 Καὶ
611 4605 721 4674 γάρ
755 4604 850 4657 καὶ
876 4605 904 4656 ὁ
936 4604 1206 4675 μακάριος
1248 4604 1618 4676 πρεσϐύτερος
1658 4605 1826 4677 Εἰρη-

1923 2136 2107 2205 igitur,
2141 2149 2279 2204 quos
2305 2136 2615 2207 deceperat,
2644 2136 2954 2206 multosque
2976 2137 3067 2207 qui
3089 2136 3224 2192 tales
3248 2135 3498 2207 discipuli

1922 2228 2042 2298 ejus
2084 2228 2436 2293 exstiterunt,
2483 2228 2834 2298 promovebat
2864 2243 3067 2300 pronos
3116 2242 3239 2285 esse
3270 2228 3338 2285 ad
3373 2242 3499 2297 pec-

1923 2320 2155 2373 candum
2201 2321 2457 2383 edocens,
2511 2321 2783 2376 immunes
2832 2329 3012 2377 autem
3066 2320 3316 2391 periculi,
3371 2321 3498 2392 quia

1922 2411 2308 2481 proﬁterentur
2339 2410 2629 2480 perfectam
2678 2412 2935 2469 virtutem
2973 2419 3029 2467 et
3080 2412 3372 2482 participes
3405 2427 3497 2468 es-

1922 2512 2045 2558 sent
2102 2504 2667 2574 incomprehensibilis
2714 2505 3019 2575 potestatis.
3072 2503 3280 2572 Quibus
3333 2502 3495 2558 etiam

1924 2604 2045 2664 post
2090 2594 2416 2666 baptismum
2454 2595 2681 2651 alterum
2719 2596 3062 2666 pollicentur,
3093 2610 3255 2666 quam
3302 2603 3501 2647 vocant

1925 2685 2348 2754 redemptionem,
2376 2688 2509 2743 etin
2539 2690 2640 2743 hoc
2662 2687 2799 2744 male
2826 2696 3237 2760 corrumpentes
3267 2701 3383 2750 eos,
3404 2686 3499 2755 qui

1924 2775 2066 2846 apud
2116 2790 2175 2832 se
2228 2789 2607 2834 remanserunt
2653 2794 2748 2849 spe
2793 2779 3197 2849 redemptionis,
3245 2787 3495 2848 tanquam

1925 2868 2016 2938 qui
2050 2868 2221 2924 semel
2253 2869 2516 2940 baptizati
2549 2870 2602 2926 in
2627 2872 2912 2942 peccatum
2946 2872 3142 2941 relapsi
3174 2872 3349 2927 denuo
3378 2885 3498 2942 pos-

1924 2961 2271 3017 sint-absolvi
2313 2980 2326 3016 :
2364 2963 2456 3017 tali
2517 2963 2708 3019 fraude
2768 2964 2998 3020 attinere
3049 2963 3301 3018 videntur
3348 2962 3499 3017 audi-

1928 3060 2071 3105 tores
2130 3047 2279 3117 suos,
2329 3068 2467 3122 quos
2520 3053 2612 3108 ubi
2670 3056 3014 3109 arbitrantur
3066 3055 3322 3125 probatos
3379 3068 3501 3110 esse

1926 3156 2194 3212 posseque
2227 3143 2359 3213 ipsis
2409 3159 2607 3199 arcana
2663 3160 2758 3199 sua
2801 3136 3102 3209 custodire,
3131 3155 3243 3200 tum
3293 3160 3359 3200 eo
3407 3142 3501 3199 ad-

1930 3233 2153 3299 ducunt,
2183 3243 2237 3288 et
2263 3250 2328 3289 ne
2354 3235 2406 3289 in
2431 3250 2498 3291 eo
2519 3237 2736 3305 quidem
2760 3237 3192 3306 acquiescentes,
3221 3237 3314 3292 sed
3336 3236 3499 3293 etiam

1929 3324 2070 3381 aliud
2094 3327 2346 3394 quiddam
2380 3326 2697 3396 pollicentes
2741 3329 2806 3382 ad
2854 3327 2972 3384 illus
3016 3344 3111 3399 spe
3161 3329 3500 3392 mulcendos,

1924 3423 1987 3470 ut
2018 3418 2073 3471 in
2103 3428 2421 3486 perpetuum
2480 3418 2805 3473 vinciantur.
2860 3418 3184 3490 Loquuntur
3224 3421 3369 3475 enim
3403 3419 3503 3474 ali-

1925 3510 2055 3579 quid
2087 3512 2217 3563 voce
2255 3525 2457 3565 arcana
2492 3526 2653 3565 manu
2683 3511 2933 3580 imposita
2964 3512 3015 3566 ei
3050 3511 3143 3581 qni
3177 3512 3502 3581 redemptio-

1929 3616 2049 3656 nem
2070 3604 2304 3670 acrepit,
2330 3602 2471 3671 quod
2494 3603 2649 3657 aiunt
2676 3618 2734 3657 se
2765 3602 2921 3658 facile
2957 3603 3141 3673 eloqui
3182 3619 3288 3658 non
3322 3618 3501 3674 posse,

1926 3693 2030 3747 nisi
2059 3693 2104 3747 si
2129 3694 2249 3761 quis
2302 3693 2375 3747 sit
2423 3692 2794 3763 maximopere
2846 3695 3129 3763 probatus,
3158 3703 3254 3751 aut
3284 3696 3502 3764 quando

1932 3785 2212 3850 moriatur,
2242 3785 2294 3839 in
2335 3798 2517 3839 aurem
2572 3785 2878 3840 insusurret
2937 3786 3258 3856 episcopus-
3290 3784 3357 3839 Et
3387 3787 3503 3841 hac

1929 3889 2059 3929 vero
2089 3875 2238 3929 fraus
2280 3890 2347 3930 eo
2384 3884 2613 3944 spectat,
2664 3885 2723 3930 ut
2750 3886 3015 3945 perpetuo
3055 3885 3383 3931 remaneant
3416 3876 3513 3931 di-

1929 3967 2120 4036 scipuli
2152 3967 2292 4037 apud
2334 3967 2673 4038 episcopum,
2705 3979 2931 4023 aventes
2954 3968 3203 4034 discere,
3224 3968 3351 4037 quid
3378 3979 3498 4023 tuu-

1930 4062 2050 4115 detn
2083 4059 2155 4114 sit
2189 4059 2316 4115 illud
2354 4060 2495 4130 quod
2549 4060 2613 4115 in'
2641 4070 2886 4115 extremo
2928 4060 3343 4131 prodatur,.quo
3377 4075 3504 4131 per-

1931 4160 2088 4219 cepto
2120 4151 2172 4204 in
2206 4152 2450 4206 ordinem
2486 4151 2855 4221 periectornm
2888 4152 3151 4207 evehatur
3184 4152 3501 4222 discipulus.

1933 4241 2063 4307 Quae
2082 4256 2203 4296 eam
2230 4243 2301 4296 ob
2327 4257 2549 4297 causam
2597 4242 2832 4309 tramisi,
2864 4259 2929 4299 ne
2964 4245 3087 4315 quis
3130 4259 3219 4301 me
3258 4244 3365 4302 illis
3403 4247 3505 4302 ob-

1936 4341 2170 4387 trcctare
2195 4330 2530 4399 arbitretur;
2560 4334 2761 4387 etenim
2805 4349 2909 4389 non
2960 4334 3065 4389 hoc
3111 4335 3268 4393 nobis
3306 4350 3506 4405 prope-

1933 4424 2094 4478 situm
2147 4435 2252 4488 est,
2304 4434 2663 4494 praeterquam
2716 4428 3020 4491 ostendere,
3080 4427 3225 4484 unde
3280 4427 3503 4498 proiecti

1937 4515 2134 4584 placita
2161 4531 2256 4571 sua
2285 4517 2645 4571 condiderint.

2009 4605 2101 4662 42.
2127 4606 2335 4663 Etenim
2380 4617 2435 4662 et
2469 4608 2661 4662 beatus
2707 4610 2989 4678 presbyter
3017 4605 3255 4665 Ireneus
3286 4608 3507 4666 liberius

248 4705 397 4762 ναῖος
442 4696 908 4769 παρῤησιαίτερον
956 4694 1033 4765 τῷ
1069 4696 1275 4765 ἐλέγχῳ
1319 4695 1705 4766 προσενεχθεὶς
1757 4696 1822 4750 τὰ

1937 4713 2234 4767 coarguere
2280 4699 2401 4753 illos
2447 4712 2732 4768 aggressus
2790 4698 2924 4754 tales
2972 4698 3271 4755 levationes
3307 4709 3363 4756 et
3421 4716 3494 4756 re

246 4793 473 4849 τοιαῦτα
499 4790 779 4859 λούσματα
808 4788 903 4842 καὶ
922 4784 1325 4857 ἀπολυτρώσεις
1343 4786 1558 4853 ἐξέθετο
1578 4788 1645 4855 ⁸⁸,
1670 4787 1827 4860 ἀδρο-

245 4888 583 4957 μερὲστερον
611 4879 780 4935 εἰπὼν
823 4879 859 4933 ἃ
904 4879 1261 4950 πράσσουσιν,
1298 4872 1383 4941 οἷς
1418 4878 1737 4948 ἐντυχόντες
1775 4880 1825 4911 ⁸ο

240 4980 391 5041 τινὲς
426 4974 608 5032 αὐτῶν
655 4974 825 5045 ἦρνην
854 4972 867 5041 1
897 4988 989 5023 ται
1040 4968 1213 5033 οὕτως
1257 4969 1691 5040 παρειληφέναι,
1736 4971 1824 5024 ἀεὶ

239 5067 530 5138 ἀρνεῖσθαι
566 5064 946 5136 μανθάνοντες.
974 5064 1067 5114 Διὸ
1109 5060 1331 5130 φροντὶς
1372 5061 1505 5130 ἡμῖν
1532 5060 1823 5129 γεγένηται

240 5158 639 5232 ἀκριϐέστερον
658 5154 987 5225 ἐπιζητῆσαι
1014 5154 1112 5207 καὶ
1145 5154 1397 5226 ἀνευρεῖν
1429 5152 1783 5226 λεπτομερῶς
1803 5191 1819 5216 ,

1938 4790 2282 4859 demptiones
2315 4792 2585 4858 exposuit,
2636 4790 2810 4858 magis
2856 4790 3088 4845 strictim
3123 4790 3370 4849 elocutus
3393 4808 3506 4864 qua'

1933 4889 2168 4951 patrant,
2225 4882 2573 4950 quibuscum
2620 4880 2939 4959 incidissent
2992 4878 3232 4935 nonnulli
3290 4896 3515 4947 eorum,

1931 4969 2155 5026 inﬁciati
2195 4980 2325 5026 sunt
2353 4971 2426 5024 ita
2456 4985 2581 5025 esse
2617 4971 2912 5039 recepisse,
2940 4970 3140 5041 quippe
3167 4970 3261 5041 qui
3288 4985 3503 5042 semper

1926 5063 2226 5115 doceantur
2285 5061 2537 5117 iniiciari.
2574 5060 2935 5126 Quamobrem
2993 5060 3146 5116 nobis
3176 5061 3368 5117 oborta
3420 5074 3531 5122 est;

1923 5169 2056 5208 cura
2097 5156 2403 5210 accuratius
2465 5154 2821 5224 investigandi
2870 5163 2924 5209 et
2971 5153 3260 5225 indagandi
3318 5153 3502 5227 singur

240 5248 277 5304 ἃ
302 5250 400 5304 καὶ
427 5250 486 5304 ἐν
513 5244 595 5319 τῷ
621 5244 824 5318 πρώτῳ
859 5242 1072 5314 λουτρῷ
1102 5242 1494 5313 παραδιδόασι,
1531 5243 1591 5297 τὸ
1614 5241 1822 5297 τοιοῦτο

1926 5244 2100 5310 latim,
2134 5261 2256 5315 qua:
2294 5256 2347 5299 et
2401 5245 2452 5300 in
2512 5248 2684 5316 primo
2713 5247 2945 5302 lavacro.
2971 5245 3213 5312 tradunt,
3237 5245 3379 5314 quod
3429 5245 3501 5301 ita

1533 5419 1763 5477 vanus
1800 5398 2215 5476 LECTIONES.

320 5590 367 5621 ⁸⁷
406 5588 773 5656 ἀναλυομένου
806 5585 1105 5653 Roeperus,
1126 5584 1491 5656 ἀναδυομένου
1520 5581 1676 5656 C,_'M.
1756 5581 2110 5656 “‘dztgiiiowo
2137 5582 2197 5638 C.
2238 5582 2282 5656 ’ξ’
2322 5583 2474 5656 ποτέ.
2496 5583 2633 5656 ’ποτέ
2654 5584 2753 5655 μὲν
2778 5584 2848 5656 Μ,
2929 5586 2971 5617 ³⁸
3006 5585 3211 5656 ῐξολλάς
3248 5587 3309 5641 C.
3386 5589 3430 5620 ⁸¹

248 5658 481 5729 κυρίους
515 5651 655 5712 εἶναι
685 5651 1167 5729 su.~p.__liocperu_s.
1236 5651 1770 5729 f‘hdtrzolu-cptbasmi,
1801 5651 1878 5729 ᾡς
1902 5651 2666 5729 δοερςςκειριπολυτριὸσεως
2689 5656 2752 5729 (ξ,
2792 5655 2840 5709 Μ
2849 5694 2862 5729 .

2942 5658 2995 5727 ’ξ
3018 5654 3165 5711 Fort.
3192 5657 3487 5727 βαπτισθέν

253 5721 356 5790 ταξ
403 5721 588 5783 πεσεῖν
617 5721 799 5791 πάλιν,
834 5725 900 5779 Μ.
978 5721 1024 5756 ⁸⁸
1048 5725 1140 5777 διὰ
1170 5723 1268 5778 τοῦ
1290 5721 1587 5795 Roepet'tts,
1614 5723 1708 5775 καὶ
1737 5721 1825 5775 διά
1845 5721 2029 5795 τοῦ-(3.⁷
2058 5721 2126 5774 Μ’.
2195 5722 2240 5795 ‘_'
2262 5721 2772 5795 énqyﬁsito'psvouc.
2847 5726 2894 5757 ⁸⁸
2926 5724 3032 5778 τῶν
3055 5721 3280 5783 θάι1.ἰί.
3355 5729 3401 5761 ⁵⁷
3419 5746 3502 5782 κα·

258 5789 650 5874 κοηθείξεσθαι
680 5799 742 5874 (3.
787 5789 790 5791 ’
820 5797 865 5826 ³⁸
898 5796 1295 5874 συνεστήσαντο
1318 5808 1469 5874 susp.
1504 5792 1799 5859 lioepcrus.
1877 5792 1921 5824 ’9
1950 5791 2085 5846 lrcn.
2128 5807 2172 5843 ι’.
2200 5791 2328 5846 Ιπανν.
2358 5792 2395 5859 Ι,
2424 5789 2515 5847 21.
2540 5789 2551 5795 ⁷
2594 5794 2638 5825 ⁸⁸
2662 5789 2743 5859 οἷς
2771 5796 3105 5866 ἐντυχόντες.
3136 5800 3181 5850 οῖ
3207 5799 3506 5870 ἐντυχόντει

256 5870 327 5925 ti.
354 5865 441 5924 Μ.
465 5873 555 5924 uui
582 5870 626 5919 εἰ
661 5867 754 5921 καὶ
788 5878 905 5920 Dust
938 5869 1045 5918 ἐντ.
1079 5865 1421 5919 inserendum
1457 5873 1655 5916 censet.
