4124 6518
521 494 666 560 3345

2011 488 2378 551 ORIGENIS

3642 484 3779 552 3346

519 612 612 682 qui
666 618 722 665 et
754 608 1243 680 contrapositioues
1300 609 1599 664 conabatur
1656 615 1713 662 et
1767 619 2104 677 qumcuuqne

2221 604 2380 672 ἱόγμα
2419 600 2685 670 ἐκράτυνε
2723 599 3008 671 Μαρκίων,
3065 601 3164 666 τὰς
3209 615 3268 655 τε
3314 599 3781 670 ἀντιποραθέσεις

520 701 686 774 ιιο
700 731 726 742 -
739 700 842 773 41
855 703 897 772 ι
925 701 1209 772 placebant
1237 711 1430 758 contra
1458 702 1838 756 fabricatoreru
1863 700 2103 754 universi

522 794 854 849 diﬂamabat.
885 794 1252 849 Consimiliter
1283 804 1462 849 autem
1491 792 1656 849 etiam
1689 791 1982 856 Lucianus,
2007 791 2107 846 ‘hu-

521 885 606 951 jus
636 884 954 953 discipulus.

596 975 684 1029 58.
723 975 975 1044 Appelles
1008 983 1188 1028 autem
1224 974 1407 1029 abhis
1446 984 1609 1030 ortus
1633 974 1710 1030 ait
1737 975 1789 1028 in
1822 974 1962 1029 hunc
1991 988 2106 1027 mo-

525 1064 651 1117 dum
703 1079 822 1118 esse
867 1065 1032 1118 Deum
1077 1066 1362 1134 quem-dam
1413 1064 1658 1129 bonum,
1716 1064 1875 1119 sicuti
1933 1063 2096 1117 etiam

527 1155 766 1212 Marcion
800 1157 1157 1227 supponebal,
1181 1171 1303 1211 eum
1329 1166 1534 1221 autem,
1564 1156 1653 1226 qui
1687 1156 1937 1210 universa
1961 1169 2110 1208 crea-

527 1247 665 1300 verit
699 1262 819 1302 esse
839 1246 1042 1314 justum
1065 1288 1080 1313 ,
1115 1248 1204 1315 qui
1239 1246 1533 1302 fabricatus
1573 1248 1643 1302 sit
1684 1262 1747 1302 ea
1777 1287 1792 1308 ,
1823 1261 1942 1316 qua:
1970 1246 2108 1299 facta

527 1348 692 1402 sunt,
745 1349 800 1394 et
849 1340 1068 1394 tertium
1099 1353 1220 1394 esse
1251 1379 1266 1405 ,
1313 1339 1403 1409 qui
1435 1355 1558 1395 cum
1590 1339 1738 1395 Mose
1765 1340 1973 1393 locutus
2021 1339 2112 1404 sit,

529 1431 676 1486 hunc
701 1442 878 1487 autem
911 1447 1034 1486 esse
1062 1432 1276 1502 igneum
1305 1473 1321 1498 ,
1377 1447 1498 1487 esse
1527 1440 1705 1486 autem
1739 1433 1902 1485 etiam
1950 1431 2109 1484 alimn

531 1536 824 1592 quartum,
858 1524 1118 1577 malorum
1169 1533 1485 1587 auctorem;
1524 1523 1622 1578 hos
1672 1511 1850 1576 autem
1895 1521 2114 1593 angelos

534 1614 798 1667 nominat.
825 1612 1024 1682 Legem
1052 1625 1228 1669 autem
1258 1624 1310 1670 et
1339 1615 1629 1684 prophetas
1657 1615 1966 1684 proscindit,
1991 1628 2113 1669 cum

535 1705 764 1757 humana
816 1715 870 1757 et
917 1706 1194 1760 mendacia
1242 1707 1388 1759 dicat
1424 1721 1545 1760 esse
1577 1721 1695 1774 quae
1729 1707 1930 1774 scripta
1968 1711 2112 1767 sunt,

533 1795 944 1865 extlﬂvangeliis
977 1807 1158 1850 autem
1194 1797 1276 1851 vel
1321 1795 1578 1865 Apostolo
1623 1812 1742 1866 qua:
1794 1795 1892 1864 ipsi
1943 1793 2119 1864 placet

533 1885 632 1939 sibi
665 1885 834 1955 eligit.
883 1885 1216 1940 Philmnenae
1248 1898 1425 1941 autem
1464 1887 1742 1954 cujusdam
1777 1886 2118 1940 sermonibus

2205 692 2589 763 ἐπιχειρήσας,
2650 692 2746 746 καὶ
2795 691 2894 746 ὅσα
2943 691 3095 762 αὐτῷ
3153 691 3332 759 ἔδοξεν
3407 692 3490 756 είς
3537 692 3630 744 τὸν
3673 690 3784 744 τῶν

2207 785 2470 840 ἁπάντων
2513 782 2844 855 δημιουργὸν
2881 775 2960 856 [ορ.
2990 781 3118 838 ἱ59.
3144 781 3298 854 260.]
3347 781 3716 854 δυσφημήσας
3738 781 3781 835 ⁸.

2217 876 2453 946 Ὁμοίως
2485 875 2542 929 δὲ
2590 876 2682 930 καὶ
2705 878 2727 909 ⁸
2758 875 3070 937 ’Λουκιανὸς
3100 876 3129 930 ὁ
3155 874 3348 929 τούτου
3379 873 3648 946 μαθητής.

2277 967 2380 1038 λη’.
2411 967 2454 998 ¹⁰
2489 967 2751 1035 Ἀπελλῆς
2777 969 2817 998 ¹¹
2863 967 2921 1020 δὲ
2967 968 3032 1020 ἐκ
3057 967 3262 1020 τούτων
3300 965 3593 1035 γενόμενος
3610 962 3789 1028 οὕτως

2208 1059 2358 1128 λέγει
2384 1074 2398 1088 ·
2432 1054 2588 1114 Εῐναί
2620 1075 2741 1111 τινα
2774 1058 2910 1112 Θεὸν
2935 1057 3160 1127 ἀγαθὸν,
3191 1056 3374 1120 καθὼς
3401 1055 3498 1108 καὶ
3520 1055 3792 1125 Μαρκίων

2211 1151 2464 1216 ὑπέθετο,
2517 1149 2610 1204 τὸν
2642 1150 2702 1204 δὲ
2751 1151 2930 1205 πάντα
2981 1150 3248 1204 κτίσαντα
3275 1144 3416 1202 εἷναι
3465 1147 3700 1210 δίκαιον,
3731 1147 3792 1208 ὃς·

2211 1241 2280 1295 τὰ
2313 1243 2584 1312 γενόμενα
2630 1225 3053 1312 ἐδημιούργησε,
3097 1241 3190 1293 καὶ
3237 1240 3420 1310 τρίτον
3449 1237 3541 1290 τὸν
3595 1239 3794 1291 Musei

2211 1332 2544 1404 λαλήσαντα,
2592 1331 2820 1404 πύρινον
2859 1331 2916 1384 δὲ
2961 1330 3152 1385 τοῦτον
3177 1326 3338 1393 εἶναι,
3377 1326 3515 1382 εἶναι
3539 1328 3598 1382 δὲ
3629 1329 3790 1381 zeal"

2213 1426 2472 1496 τέταρτον
2499 1423 2706 1495 ἕτερον,
2728 1422 2916 1476 κακῶν
2944 1424 3116 1476 αἴτιον
3133 1438 3148 1453 ο
3182 1421 3407 1485 τούτους
3435 1421 3490 1474 δὲ
3521 1420 3795 1490 ἀγγέλους

2215 1517 2494 1588 ὀνομάζει.
2533 1516 2716 1587 Νόμον
2747 1516 2802 1569 δὲ
2830 1515 2924 1568 καὶ
2951 1516 3236 1586 προφήτας
3256 1513 3553 1583 δυσφημεϊ,
3578 1511 3794 1583 ἀνθρὼ-

2216 1628 2347 1664 πινα
2382 1611 2478 1664 καὶ
2514 1610 2682 1681 ψευδῆ
2722 1610 2947 1680 φάσκων
2983 1604 3124 1662 εἶναι
3153 1607 3226 1660 τὰ
3271 1589 3657 1679 γεγραμμένα,
3685 1605 3796 1659 τῶν

2216 1705 2271 1758 δὲ
2296 1703 2646 1772 Εὑαγγελίων
2677 1703 2710 1773 ἦ
2735 1702 2825 1755 τοῦ
2863 1700 3189 1754 ’Δποστόλου
3219 1701 3289 1754 τὰ
3313 1699 3618 1772 ἀρέσκοντα
3644 1697 3797 1768 αὐτῷ

2218 1798 2478 1868 αἱρεῖται.
2525 1794 2860 1866 Φιλουμένης
2901 1793 2958 1847 δέ
3001 1810 3148 1856 τινος
3187 1792 3364 1860 λόγοις
3414 1791 3675 1862 προσέχει
3720 1790 3797 1854 ὡς

2221 1889 2554 1960 προφήτιδος
2601 1885 2940 1957 φανερώσεσι
2967 1886 3030 1937 ¹³.
3073 1884 3176 1938 Τὴν
3227 1885 3286 1938 δὲ
3343 1883 3577 1955 Χριστὸν
3601 1884 3665 1936 ἐκ
3697 1883 3798 1953 τῆς

534 1991 653 2032 sese
699 1977 932 2047 applicat
965 1987 1221 2047 tauquam
1260 1979 1620 2048 prophetissae
1670 1975 2111 2031 revelatiouibus.

2221 1982 2450 2054 ὕπερθεν
2471 1981 2754 2050 δυνάμεως
2783 1978 3231 2049 κατεληλυθέναι,
3259 1977 3505 2031 τουτέστι
3536 1976 3631 2030 τοῦ
3662 1976 3801 2044 ἀγα-

534 2067 813 2123 Christum
863 2077 1041 2123 autem
1087 2085 1114 2122 a
1159 2083 1392 2136 superna
1437 2078 1706 2138 potestate
1751 2068 2115 2134 descendisse,

537 2160 643 2215 hoc
667 2170 752 2213 cst
797 2175 826 2213 a
856 2158 1018 2224 bono,
1054 2159 1306 2227 illiusque
1342 2158 1516 2227 ipsum
1549 2173 1671 2214 esse
1719 2157 1885 2213 illium
1919 2195 1935 2224 ,
1976 2159 2120 2213 hunc
2196 2160 2214 2175 ⁴

538 2262 720 2306 autem
753 2268 856 2305 non
890 2267 960 2306 cx
993 2251 1203 2322 virgine
1235 2265 1358 2305 esse
1391 2261 1597 2316 natum,
1629 2265 1804 2319 neque
1833 2266 1994 2305 carne
2031 2265 2121 2304 ca-

539 2345 719 2398 ruisse
750 2360 872 2398 eum
902 2343 993 2413 qui
1038 2343 1351 2413 apparuerit
1393 2343 1512 2409 ait,
1572 2345 1665 2397 sed
1713 2357 1779 2397 ex
1823 2343 2121 2398 substantia

543 2437 780 2492 universi
807 2452 927 2488 cum
963 2446 1142 2504 partes
1183 2437 1388 2505 ceperit
1432 2451 1631 2504 torpus
1658 2437 1758 2490 sibi
1801 2433 2119 2502 confecisse,

542 2529 644 2583 hoc
672 2537 755 2581 est
786 2527 947 2581 calidi
990 2537 1043 2580 et
1084 2525 1264 2595 frigidi
1306 2535 1359 2580 et
1402 2527 1606 2579 humidi
1641 2537 1694 2580 et
1745 2527 1912 2591 sicci,
1971 2537 2025 2580 et
2069 2527 2122 2581 in

543 2617 646 2672 hoc
688 2633 917 2684 corpore
947 2617 1198 2671 latentem
1232 2618 1526 2671 mundanas
1579 2626 1874 2687 potestates
1923 2618 2124 2671 vixisse

543 2721 773 2777 tempus,
808 2710 949 2780 quod
989 2709 1184 2763 vixerit
1235 2709 1287 2763 in
1336 2710 1536 2764 mundo
1571 2725 1585 2774 ;
1640 2724 1826 2763 rursus
1863 2721 2043 2764 autem
2093 2724 2124 2764 a

541 2799 743 2856 Iudaeis
782 2803 1104 2856 crucilixum
1136 2814 1260 2855 eum
1308 2811 1580 2856 mortuum
1615 2815 1754 2866 esse,
1787 2815 1840 2856 et
1874 2813 1991 2870 post
2017 2813 2126 2858 tres

543 2895 661 2949 dies
693 2895 1066 2949 resuscitatum
1091 2893 1408 2962 apparuisse
1435 2894 1732 2960 discipulis,
1756 2903 1807 2948 et
1827 2906 2124 2948 monstrata

546 2984 714 3054 ﬁgura
747 2983 1024 3036 clavorum
1055 2993 1109 3036 et
1141 2983 1326 3037 lateris
1350 2983 1435 3037 sui
1472 2986 1810 3052 persuasisse
1837 2984 1902 3038 iis
1930 2993 2126 3038 semet-

546 3076 722 3146 ipsum
755 3091 877 3131 esse
929 3086 984 3131 et
1042 3091 1144 3130 non
1192 3081 1511 3144 phantasma
1548 3116 1563 3140 ,
1620 3077 1712 3130 sed
1745 3092 1963 3130 carnem
2008 3092 2128 3132 sese

547 3168 764 3222 habere.
803 3168 1058 3233 Carnem,
1093 3169 1308 3238 inquit,
1344 3178 1626 3238 postquam
1655 3171 1975 3223 monstravit
2009 3170 2130 3224 redo

549 3259 687 3312 didit
713 3266 872 3312 teme
895 3298 910 3321 ,
943 3274 1045 3328 qua
1078 3274 1145 3313 ex
1178 3260 1479 3314 substantia
1511 3270 1648 3326 erat,
1680 3261 1814 3314 nihil
1842 3261 1999 3315 alieni
2030 3277 2128 3316 au-

2221 2074 2338 2140 θοῦ,
2375 2073 2636 2128 κάκείνου
2681 2071 2846 2124 αὐτὸν
2895 2065 3192 2134 εἷναιυίὸν,
3249 2068 3438 2122 τοῦτον
3487 2067 3546 2121 δὲ
3594 2067 3694 2120 οὐκ
3734 2066 3802 2119 ἐκ

2219 2165 2488 2237 παρθένου
2523 2161 2905 2232 γεγεννῆσθαι,
2945 2160 3067 2214 οὐδὲ
3109 2159 3351 2229 ἄσαρκον
3405 2154 3542 2211 εἷναι
3571 2156 3660 2210 τὸν
3691 2173 3802 2226 φα-

2220 2248 2382 2311 νέντα
2406 2254 2451 2287 ¹⁸
2473 2256 2646 2323 λέγει,
2686 2252 2798 2306 ἀλλ’
2827 2255 2889 2304 ἐκ
2926 2253 3027 2322 τῆς
3053 2249 3148 2304 τοῦ
3181 2249 3384 2314 παντὸς
3413 2249 3603 2310 οὐσίας
3631 2266 3809 2319 μετα-

2221 2348 2453 2403 λαϐόντα
2487 2346 2669 2418 μερῶν
2701 2345 2860 2414 σῶμα
2885 2343 3273 2415 πεποιηκέναι,
3313 2341 3560 2394 τουτέστι
3591 2337 3809 2410 θερμοῦ

2224 2439 2316 2494 καὶ
2341 2438 2552 2509 ψυχροῦ
2591 2437 2685 2489 καὶ
2716 2435 2885 2506 ὑγροῦ
2923 2435 3018 2488 καὶ
3065 2433 3252 2504 ξηροῦ,
3290 2433 3385 2486 καὶ
3424 2433 3483 2486 ὲν
3519 2431 3693 2501 τούτῳ
3725 2430 3812 2500 τῷ

2227 2527 2436 2600 σώματι
2460 2527 2693 2581 λαθόντα
2718 2525 2760 2557 ⁸⁵
2781 2525 2880 2588 τὰς
2903 2525 3171 2594 κοσμικὰς
3196 2522 3442 2588 ἐξουσίας
3475 2521 3812 2593 βεϐιωκέναι

2223 2623 2282 2675 ὃν
2310 2622 2503 2675 ἐϐίωσε
2532 2620 2724 2691 χρόνον
2756 2619 2815 2672 ὲν
2838 2617 3029 2687 κόσμῳ
3055 2631 3070 2646 ⁸
3113 2613 3270 2679 αὖθις
3304 2615 3361 2669 δὲ
3392 2614 3495 2667 ὑπὸ
3527 2612 3812 2666 Ἰουδαίων

2224 2710 2760 2769 ἀνασκολοπισθέντα
2810 2709 3017 2773 θανεῖν,
3085 2709 3180 2762 καὶ
3215 2706 3353 2778 μετὰ
3384 2709 3532 2776 τρεῖς
3581 2705 3813 2775 ἡμέρας

2227 2807 2521 2878 ἐγερθέντα
2579 2803 2814 2874 φανῆναι
2867 2805 2980 2867 τοῖς
3033 2802 3326 2873 μαθηταῖς,
3373 2799 3624 2865 δείξαντα
3673 2798 3816 2861 τοὺς

2226 2900 2431 2962 τύπους
2454 2900 2498 2928 ³⁸
2527 2898 2634 2950 τῶν
2659 2897 2820 2965 1ἥλων
2847 2896 2942 2949 καὶ
2971 2895 3073 2964 τῆς
3106 2895 3121 2964 ι
3149 2893 3410 2964 πλευρᾶς,
3439 2891 3695 2945 πείθοντα
3721 2891 3814 2943 ὅτι

2228 2992 2392 3054 αὐτὸς
2444 2991 2528 3061 εἴη
2579 2990 2674 3043 καὶ
2720 2990 2779 3042 οῦ
2835 2987 3148 3059 φάντασμα,
3184 2985 3321 3040 ἀλλὰ
3383 2986 3648 3055 ἑνσαρκος
3709 2979 3811 3053 ἦν.

2228 3083 2438 3152 Σὰρκα,
2480 3081 2635 3151 φησὶ,
2667 3079 2848 3145 δείξας
2880 3078 3129 3133 ἀπέδωκε
3162 3080 3254 3148 γῇ,
3303 3076 3361 3143 ἐξ
3391 3072 3572 3148 ἧσπερ
3605 3070 3672 3145 ἦν
3710 3075 3816 3127 οὺ-

2232 3174 2377 3238 σίας,
2427 3174 2591 3244 μηδὲν
2647 3172 2926 3250 ἀλλότριον
2948 3172 2987 3203 ¹⁷
3054 3169 3414 3233 πλεονεκτῶν,
3484 3166 3620 3221 ἀλλὰ
3666 3166 3816 3236 πρὸς

2232 3265 2422 3336 καιρὸν
2456 3263 2825 3334 χρησάμενος,
2874 3261 3124 3325 ἑκάστοις
3159 3262 3225 3312 τὰ
3273 3259 3377 3313 ίδια
3411 3257 3681 3320 ἀπέδωκε,
3713 3255 3819 3309 λύ-

549 3357 797 3418 cupatus,
834 3352 926 3403 scd
954 3351 1019 3404 ad
1055 3361 1262 3421 tempus
1291 3369 1419 3406 usus
1463 3351 1689 3422 singulis
1749 3367 1842 3406 sua
1873 3354 2122 3418 reddidit,

2235 3376 2334 3422 σας
2353 3358 2514 3412 πάλιν
2543 3356 2633 3410 τὸν
2650 3355 2852 3427 δεσμὸν
2877 3354 2968 3408 τοῦ
2989 3352 3260 3424 σώματος,
3291 3350 3479 3422 θερμῷ
3495 3349 3554 3402 τὸ
3580 3347 3813 3419 θερμὸν,

555 3441 832 3495 vinculum
861 3445 1109 3509 corporis
1141 3443 1355 3498 solvens
1381 3483 1396 3509 ,
1426 3443 1601 3496 calido
1638 3444 1904 3507 calidum,
1938 3445 2129 3514 frigido

551 3531 831 3602 frigidum,
875 3533 1096 3585 humido
1129 3534 1440 3599 humidum,
1474 3532 1619 3586 sicco
1655 3533 1901 3599 siccum,
1960 3546 2014 3588 et
2057 3539 2128 3589 ita

553 3627 688 3680 abiit
713 3625 778 3678 ad
813 3627 1011 3678 bonum
1039 3635 1244 3693 patrem
1273 3626 1459 3679 relicto
1477 3624 1685 3680 semine
1704 3625 1827 3679 vita:
1851 3626 1904 3680 in
1933 3629 2132 3684 mundo

551 3734 651 3791 per
694 3717 986 3787 discipulus
1017 3718 1386 3773 credentibus.
1892 3786 1900 3792 .

621 3812 713 3870 59.
748 3809 1005 3866 Videntur
1032 3811 1188 3865 nobis
1225 3822 1279 3865 et
1311 3812 1424 3864 haec
1460 3812 1591 3866 satis
1617 3813 1962 3881 exposuisse;
1997 3829 2128 3883 quo-

553 3904 701 3958 niam
732 3913 907 3956 autem
943 3901 1074 3956 nihil
1130 3902 1470 3956 irrel‘utatum
1503 3905 1916 3973 praetermittere
1945 3907 2130 3960 decle-

554 3995 729 4048 vimus
778 4007 1006 4057 eorum,
1059 4009 1178 4062 qua:
1227 4012 1254 4044 a
1301 3994 1711 4065 quibuscunque
1778 3997 1932 4049 docta
1983 4006 2127 4060 sunt,

555 4087 832 4140 videamus
880 4086 1008 4156 quid
1050 4087 1212 4139 etiam
1247 4102 1275 4139 a
1311 4085 1524 4141 Docetis
1559 4086 1838 4142 inventum
1895 4089 1986 4144 sit.

2231 3450 2426 3524 ψυχρῷ
2454 3451 2516 3503 τὸ
2554 3449 2782 3521 ψυχρὸν,
2824 3447 2978 3519 ὑγρῷ
3022 3446 3082 3500 τὸ
3111 3445 3296 3518 ὑγρὸν,
3347 3442 3496 3514 ξηρῴ
3523 3441 3582 3498 τὸ
3616 3441 3816 3512 ξηρὸν,

2235 3545 2328 3596 καὶ
2348 3542 2522 3604 οὕτως
2554 3541 2827 3612 ἐπορεύθη
2855 3540 2989 3611 πρὸς
3011 3538 3101 3592 τὸν
3136 3536 3339 3606 ἀγαθὸν
3367 3538 3599 3608 πατέρα,
3634 3550 3816 3586 κατα-

2233 3633 2407 3688 λιπὼν
2438 3634 2498 3687 τὸ
2519 3635 2618 3704 τῆς
2653 3632 2796 3704 ζωῆς
2849 3633 3072 3702 σπέρμα
3098 3631 3176 3694 εἰς
3214 3629 3305 3682 τὸν
3340 3628 3544 3698 κόσμον
3572 3625 3660 3678 διὰ
3697 3624 3817 3677 τῶν

2239 3725 2497 3798 μαθητῶν
2525 3729 2639 3788 τοῖς
2670 3725 3003 3778 πιστεύουσι.

2307 3819 2407 3873 λθ’.
2445 3820 2600 3871 Δοκεῖ
2630 3820 2761 3887 ἡμῖν
2805 3818 2902 3870 καὶ
2950 3815 3122 3870 ταῦτα
3171 3815 3369 3878 ἱκανῶς
3420 3811 3763 3866 ἐκτεθείσθαι
3794 3825 3815 3843 ·

2236 3910 2352 3964 ἀλλ’
2399 3909 2524 3962 ἐπεὶ
2558 3909 2722 3979 μηδὲν
2773 3908 3104 3979 παραλιπεῖν
3149 3907 3472 3974 ἀνέλεγκτον
3514 3903 3822 3974 ἐκρίναμεν

2237 4004 2346 4058 τῶν
2377 4003 2482 4056 ὑπό
2511 4019 2672 4056 τινων
2719 4000 3254 4074 δεδογματισμὲνων,
3286 3999 3488 4069 ἴδωμεν
3521 3997 3574 4050 τί
3615 3995 3711 4050 καὶ
3750 3995 3820 4050 τὸ

2237 4095 2349 4157 τοῖς
2391 4090 2432 4123 ³⁸
2459 4092 2726 4163 Δοκήταις
2768 4090 3210 4161 ὲπινενοημὲνον.

1797 4265 2026 4322 νΑιιιιΕ
2059 4267 2464 4324 LECTIONES.

627 4413 650 4446 ⁸
676 4413 1022 4482 δυσφημίσας
1053 4414 1114 4469 C.
1213 4416 1235 4447 ’
1264 4415 1321 4468 δὲ
1346 4415 1457 4468 καί.
1490 4432 1551 4467 τε
1577 4415 1672 4469 καὶ
1695 4417 1756 4471 C.
1793 4416 1859 4469 Μ.

558 4554 616 4605 τὲ
640 4557 730 4626 καί
755 4557 816 4610 (.1.
922 4556 961 4587 ¹³
985 4555 1346 4626 φανερώσεσι.
1379 4555 1627 4625 φανερῶς
1648 4558 1706 4615 (Ξ,
1742 4557 1809 4608 Μ.

870 4415 1022 4494 μίσαις
1053 4414 1114 4469 C-
1346 4415 1457 4494 κεί.
1490 4432 1551 4494 τε.
1577 4415 1672 4494 καὶ
1695 4416 1859 4494 CLM.
1954 4421 2007 4494 ft
2031 4420 2721 4494 Cf;Pseudo-Tertulliau.
2764 4425 2882 4479 adv.
2941 4438 3117 4477 omnes
3193 4423 3323 4477 Im'r.
3357 4436 3418 4494 c_._
3471 4420 3526 4475 6.
3549 4412 3840 4494 ΠΤγοτιιιηῙ

559 4482 636 4561 ηε
661 4488 958 4561 ριοιῑξεξονήμιἱ
982 4489 1190 4561 Ιιιῑνιέι.Δ
1220 4487 1308 4539 50.
1377 4485 1586 4561 Euseb._
1828 4502 1878 4552 v,
1946 4490 2033 4545 15.
2097 4490 2420 4548 Theodorei.
2452 4491 2602 4547 llarr.
2633 4497 2743 4561 fab.
2779 4495 2926 4555 t.‘25.

1912 4560 1955 4591 ³⁷⁵
2005 4563 2089 4616 Cf.
2153 4564 2290 4616 inira
2343 4565 2376 4616 I.
2445 4579 2499 4626 ι,
2541 4583 2590 4619 t3.
2628 4560 2714 4618 '20.

3026 4494 3067 4524 “
3113 4491 3450 4563 “manu;
3543 4493 3586 4522 "
3617 4493 3674 4545 δὲ
3703 4493 3822 4545 καί.

2783 4582 2835 4632 p.
2869 4565 2992 4618 527.
3027 4565 3113 4619 ed.
3151 4563 3253 4618 Ox.
3302 4561 3381 4616 ’M
3409 4561 3498 4614 τὸν
3557 4565 3821 4630 φανέντα.

561 4625 796 4705 ξεινέντα
825 4626 886 4705 (ξ.
913 4627 982 4705 MA.
1060 4626 1104 4658 “’
1139 4626 1386 4681 λαθόντα.
1418 4626 1650 4680 λαϐόντα
1688 4627 1755 4679 Μ.
1835 4627 1978 4686 “Cf.
2005 4633 2099 4686 Ev.
2132 4632 2291 4687 Joau.
2318 4650 2407 4701 xx,
2431 4625 2503 4688 9.5
2529 4645 2582 4689 et
2612 4635 2739 4689 Luc.
2775 4625 2921 4701 inv,
2947 4635 3036 4690 39.
3116 4635 3159 4666 ¹⁷
3182 4634 3477 4688 inritam.
3505 4625 3727 4705 ἅλ’τριον
3757 4633 3826 4689 t2.

567 4695 610 4726 ⁸⁸
639 4700 770 4757 τοῖς.
807 4697 904 4767 τῆς
940 4697 1003 4753 C.
