4124 6524
582 475 723 543 3353

2063 456 2431 519 ORIGENIS

3696 450 3839 515 3356

581 600 775 646 versus
794 600 887 641 aer
912 582 1150 640 tenebris
1171 580 1505 652 subiacens),
1534 578 1695 649 βάτον
1733 584 1936 642 autem,
1969 573 2163 645 inquit,

2281 567 2383 627 Ἕν
2428 568 2585 639 ἀρχῇ
2630 568 2925 633 ἐποίησεν
2974 567 3007 619 ό
3069 566 3215 631 Θεὸς
3262 546 3372 618 τὸν
3422 564 3682 633 οὐρανὸν
3736 570 3839 619 καί

583 675 931 740 dixitMoses,
958 674 1083 744 quia
1107 674 1337 741 desuper
1367 670 1621 724 deorsum
1643 681 1834 722 omnes
1872 672 2155 736 pertrans-

584 768 764 823 iernnt
812 766 948 821 lucis
971 765 1204 834 species,
1236 762 1431 833 quibus
1462 776 1557 815 aer
1588 754 2157 830 permeabilis(§asdg)

585 867 687 912 est.
714 856 826 911 Non
875 866 1054 909 autem
1091 855 1271 907 minus
1300 854 1465 907 etiam
1501 852 1655 905 nobis
1699 850 1919 902 verbum
1964 863 1993 900 a
2024 848 2158 900 rubo

586 956 771 999 notum
798 946 877 1011 lit,
914 959 1025 1021 vox~
1061 946 1230 1007 enim,
1280 943 1592 1011 signiﬁcans
1633 939 1883 1005 verbum,
1933 947 2020 993 est
2064 952 2158 991 aer

584 1036 850 1107 pulsatus,
885 1052 993 1105 quo
1047 1035 1264 1105 dempto
1296 1033 1517 1087 verbum
1554 1033 1844 1086 bumanum
1898 1044 2006 1084 non
2070 1043 2161 1082 co-

587 1128 889 1195 gnoscitur.
928 1126 1043 1180 Non
1071 1126 1243 1180 solum
1272 1135 1453 1177 autem
1486 1125 1706 1177 verbum
1757 1120 1914 1176 nobis
1944 1136 1973 1174 a
2003 1120 2160 1182 rubo,

586 1219 689 1270 boc
721 1226 806 1271 est
836 1215 905 1269 ab
929 1230 1054 1269 aere
1088 1214 1231 1284 leges
1262 1213 1356 1267 dat
1386 1222 1438 1267 et
1472 1213 1754 1266 nobiscum
1784 1219 2048 1271 versatur,
2066 1206 2159 1261 sed

587 1306 730 1359 enim
760 1314 814 1358 et
840 1306 1035 1360 odores
1065 1313 1118 1358 et
1143 1305 1352 1359 colores
1376 1317 1472 1372 per
1507 1317 1684 1357 aerem
1732 1300 1887 1355 nobis
1932 1298 2161 1353 faculta-

589 1406 668 1450 tes
689 1412 813 1451 suas
836 1396 1207 1454 manifestam.

2262 662 2377 730 τὴν
2426 660 2562 730 γῆν.
2615 657 2818 710 Τοῦτον
2857 656 3004 725 λέγει
3054 654 3299 724 Μωῦσῆς
3331 654 3378 686 ’⁵
3428 653 3650 725 πύρινον
3705 654 3841 710 Θεδν

2264 752 2372 807 ἀπὸ
2400 749 2494 804 τοῦ
2535 749 2697 819 βάτου
2732 746 3071 817 λαλήσαντα,
3106 746 3384 798 τουτέστιν
3420 744 3529 798 άπὸ
3570 744 3666 798 τοῦ
3715 762 3842 799 σκο-

2262 843 2442 899 τεινοῦ
2469 843 2629 911 ἀέρος
2651 857 2663 871 ⁸
2693 840 2853 910 βάτος
2885 840 2992 911 γάρ
3026 840 3142 891 ἐστι
3184 840 3293 901 πᾶς
3342 839 3371 891 6
3410 841 3591 891 σκότει
3623 838 3844 891 ὑποκεί-

2270 949 2429 1004 μενος
2492 932 2639 1001 ἀήρ·
2697 930 2856 999 βάτον
2906 930 2962 983 δὲ
2992 969 3007 992 ,
3050 930 3252 998 φησὶν,
3302 929 3493 1000 εἴρηκε
3555 930 3842 1000 Μωῦσῆς,

2266 1027 2349 1079 ὅτι
2408 1021 2617 1077 ἄνωθεν
2677 1024 2828 1074 κάτω
2883 1022 3058 1074 πᾶσαι
3115 1020 3373 1091 διέϐησαν
3425 1019 3516 1073 τοῦ
3575 1020 3760 1089 φωτὸς
3787 1021 3847 1074 αἰ

2270 1114 2406 1167 ἰδέαι
2437 1112 2597 1181 βατδν
2618 1112 2665 1142 ⁷⁸
2694 1110 2916 1180 ἔχουσαι
2949 1110 3038 1163 τὸν
3067 1110 3224 1180 ἀέρα.
3263 1110 3431 1164 Οὐδὲν
3460 1109 3516 1163 δὲ
3543 1105 3709 1181 ἦττον
3747 1110 3847 1164 καὶ

2263 1204 2398 1275 ἡμῖν
2423 1207 2451 1257 6
2483 1202 2642 1271 λόγος
2676 1202 2784 1254 άπὸ
2814 1199 2909 1253 τοῦ
2960 1200 3124 1269 βάτου
3157 1200 3513 1271 γνωρίζεται·
3547 1199 3703 1269 φωνὴ
3733 1200 3845 1271 γάρ

2266 1294 2382 1346 ἐστι
2412 1290 2725 1361 σημαντικὴ
2746 1289 2839 1343 τοῦ
2870 1290 3030 1358 λόγου
3057 1290 3435 1361 πλησσόμενος
3461 1291 3592 1362 ἀὴρ,
3627 1285 3690 1343 οὗ
3718 1291 3846 1359 δίχα

2264 1384 2422 1454 λόγος
2452 1382 2795 1453 ἀνθρώπινος
2820 1382 2880 1436 οὺ
2907 1381 3261 1453 γνωρίζεται.
3302 1384 3377 1437 Οὐ
3407 1384 3568 1454 μόνον
3594 1383 3652 1437 δὲ
3685 1384 3715 1435 6
3746 1384 3841 1435 λό-

586 1504 681 1556 γος
711 1492 841 1561 ἡμῖν
867 1490 974 1543 ἀπὸ
1001 1490 1094 1543 τοῦ
1128 1489 1290 1560 βάτου
1311 1530 1326 1555 ,
1352 1490 1634 1543 τουτέστιν
1659 1488 1842 1559 άερος,
1868 1485 2154 1556 νομοθετεῖ
2210 1480 2306 1535 καὶ
2353 1476 2841 1549 συμπολιτεύεται,
2865 1475 3005 1529 ἀλλὰ
3051 1476 3163 1548 γὰρ
3191 1476 3288 1531 καὶ
3327 1475 3495 1546 ὀσμαὶ
3567 1476 3664 1530 καὶ
3693 1474 3848 1547 χρώ-

588 1597 734 1651 ματα
762 1581 848 1635 διά
892 1580 986 1635 τοῦ
1023 1583 1182 1653 ἀέρος
1224 1584 1354 1653 ἡμῖν
1408 1583 1505 1645 τὰς
1542 1581 1799 1651 δυνάμεις
1833 1595 1930 1642 τας
1956 1575 2150 1630 εαυτοῦ
2189 1572 2607 1644 ἐμφανίζουσιν.

655 1671 743 1725 10.
784 1672 885 1726 Hic
915 1672 1075 1742 igitur
1103 1675 1233 1726 deus
1258 1674 1467 1743 igneus,
1495 1672 1586 1739 qui
1642 1670 1781 1739 ignis
1829 1685 1859 1721 a
1907 1668 2026 1721 luce
2059 1682 2154 1721 ex-

2326 1660 2391 1717 ηι’.
2428 1655 2596 1723 Οὗτος
2623 1654 2717 1713 οὖν
2743 1661 2771 1712 6
2794 1657 3085 1730 πυροειδὴς
3115 1656 3235 1721 θεὸς
3254 1658 3323 1724 ⁷⁷,
3353 1658 3383 1710 6
3403 1657 3511 1730 πῦρ
3538 1658 3647 1712 ἀπὸ
3667 1660 3854 1727 φωτός

586 1760 746 1823 stitit,
787 1760 1044 1813 mundum
1071 1760 1200 1814 fecit
1231 1762 1303 1813 ita
1333 1770 1391 1812 ut
1421 1758 1598 1813 Moses
1624 1759 1722 1822 ait,
1748 1757 1861 1826 ipse
1898 1771 2018 1809 cum
2049 1769 2153 1809 non

2268 1752 2550 1821 γενόμενος
2616 1750 2883 1820 πεποίηκε
2937 1750 3030 1803 τὸν
3086 1750 3289 1819 κόσμον
3335 1748 3547 1815 οὕτως,
3589 1750 3666 1813 ὦς
3708 1768 3850 1821 φησι

587 1849 848 1905 subsistat
872 1849 1112 1903 tenebris
1137 1859 1391 1918 tanquant
1425 1849 1727 1903 substantia
1770 1858 1947 1911 utens,
1974 1860 2163 1917 perpe-

2268 1845 2509 1912 Μωῦσῆς
2533 1881 2547 1905 ,
2580 1842 2742 1905 αὐτὸς
2787 1839 2861 1893 ὢν
2892 1840 3267 1905 ἀνυπόστατος
3292 1879 3308 1903 ,
3340 1842 3531 1903 σκότος
3573 1842 3714 1911 ἔχων
3742 1843 3851 1913 τὴν

587 1948 682 1994 tuo
709 1939 1056 1994 contumeliis
1087 1938 1326 1994 alliciens
1368 1950 1603 1994 aeternas
1650 1938 1768 1992 illas
1816 1940 2048 2005 desuper
2077 1937 2163 1991 in-

584 2027 745 2084 ferne
767 2039 1046 2099 susceptas
1075 2030 1216 2085 lucis
1247 2040 1421 2084 notas.
1453 2028 1639 2099 Usque
1680 2026 2035 2101 420-421
2064 2027 2166 2097 igio

587 2127 679 2174 tur
709 2119 776 2174 ad
836 2119 1131 2176 Salvatoris
1164 2120 1554 2191 apparitionem
1600 2136 1629 2173 a
1666 2121 1766 2174 deo
1803 2120 1937 2174 lucis
1969 2122 2161 2187 ignem,

588 2209 894 2277 dcmiurgo,
928 2211 1095 2263 multa
1130 2209 1378 2278 quaedam
1405 2216 1524 2264 erat
1573 2208 1775 2264 erratio
1818 2208 2160 2273 animarum;

590 2298 789 2353 animae
827 2298 1039 2370 (ψυχαί)
1063 2300 1206 2354 enim
1236 2299 1369 2354 idea:
1399 2298 1763 2369 appellantur,
1788 2303 1911 2367 quia
1940 2298 2165 2365 refrige-

584 2401 725 2443 rata-
755 2404 785 2443 ιι
813 2389 1066 2458 supernis
1096 2390 1149 2443 in
1184 2391 1423 2446 tenebris
1444 2398 1732 2459 peragunt,
1792 2396 2165 2443 transmutata:
2200 2382 2201 2385 “

590 2496 623 2534 e
649 2482 973 2550 corporibus
998 2482 1052 2535 in
1078 2495 1310 2550 corpora
1352 2496 1381 2534 a
1413 2481 1694 2549 demiurgo
1720 2479 2014 2533 custodita.
2040 2477 2166 2533 Haec

592 2580 773 2625 autem
807 2570 879 2624 ita
913 2584 1055 2635 esse,
1104 2569 1307 2638 inquit,
1351 2568 1477 2623 licet
1528 2570 1695 2623 etiam
1741 2582 1806 2622 ex
1836 2566 1936 2621 Job
1970 2567 2166 2622 intelli-

595 2677 747 2731 gere,
769 2678 892 2716 cum
920 2662 1051 2717 dicit
1076 2678 1089 2716 :
1124 2659 1193 2714 Et
1220 2677 1312 2730 ego
1340 2678 1454 2715 sum
1490 2676 1608 2714 erro
1633 2670 1680 2713 et
1716 2660 1770 2713 in
1792 2660 1961 2712 locum
1989 2677 2015 2713 e
2037 2660 2164 2714 locis

591 2754 857 2807 transiens
888 2761 937 2806 et
971 2755 1024 2807 in
1070 2753 1283 2806 domum
1339 2768 1403 2806 ex
1430 2752 1607 2816 domo,
1659 2760 1713 2806 et
1746 2766 1866 2804 cum
1910 2750 2165 2807 Salvator

590 2844 725 2898 dicit
756 2862 769 2897 :
814 2843 880 2895 Et
922 2844 965 2895 si
990 2843 1148 2896 vultis
1178 2843 1427 2911 recipere,
1453 2843 1563 2912 ipse
1585 2851 1659 2895 est
1702 2840 1883 2907 Elias,
1926 2844 2013 2911 qui
2043 2858 2165 2896 ven-

591 2944 741 2989 turus
771 2946 871 2989 ut.
924 2937 1027 3000 Qui
1081 2936 1232 2989 habet
1292 2951 1446 2989 aures
1493 2934 1746 2988 audiendi
1795 2936 2004 2988 audiat.
2040 2934 2165 2989 Inde

590 3038 773 3082 autem
834 3044 863 3081 a
910 3026 1192 3083 Salvatore
1243 3027 1498 3098 migratio
1549 3029 1851 3085 animarum
1884 3024 2165 3093 cessavit,

2262 1935 2474 1998 οὐσίαν,
2511 1932 2815 2003 ἐνυϐρίζων
2855 1933 2942 1985 ἀεὶ
2983 1934 3097 1994 τοῖς
3136 1931 3599 2002 κατειλημμένοις
3636 1933 3854 1986 ἄνωθεν

2262 2027 2414 2081 κάτω
2435 2024 2531 2078 τοῦ
2566 2025 2578 2091 |
2608 2024 2785 2094 φωτὸς
2808 2023 3047 2087 αἰωνίοις
3069 2021 3146 2094 [p.
3167 2023 3295 2088 266,
3318 2022 3448 2095 267]
3475 2025 3852 2095 χαρακτῆρσι.

2262 2118 2440 2187 Μέχρι
2465 2117 2563 2188 μὲν
2588 2114 2681 2170 οὖν
2707 2118 2805 2187 τῆς
2835 2116 2930 2169 τοῦ
2956 2116 3206 2186 Σωτῆρος
3233 2118 3593 2187 φανερώσεως
3615 2117 3725 2170 ὑπὸ
3750 2116 3854 2170 τοῦ

2263 2209 2399 2262 θεοῦ
2442 2209 2534 2263 τοῦ
2577 2210 2755 2278 φωτὸς
2798 2208 2894 2260 τοῦ
2941 2207 3261 2279 πυρώδους,
3319 2207 3414 2261 τοῦ
3444 2208 3851 2279 δημιουργοῦ,

2262 2300 2430 2371 πολλή
2461 2318 2545 2363 τις
2594 2296 2662 2370 ἦν
2694 2299 2869 2369 πλάνη
2902 2297 3010 2351 τῶν
3029 2298 3246 2369 ψυχῶν·
3265 2298 3436 2369 ψυχαὶ
3465 2300 3577 2368 γὰρ
3608 2302 3665 2352 αἰ
3708 2302 3853 2355 ἰδέαι

2263 2391 2555 2444 καλοῦνται
2580 2432 2595 2457 ,
2631 2391 2713 2443 ὅτι
2747 2389 3116 2459 ἀποψυγείσαι
3150 2390 3262 2441 τῶν
3288 2389 3399 2442 ἄνω
3427 2392 3486 2442 ὲν
3516 2390 3698 2444 σκότει
3722 2391 3852 2445 δια.

2262 2481 2497 2543 τελοῦσι,
2550 2480 3025 2551 μεταϐαλλόμεναι
3056 2480 3121 2532 ὲκ
3161 2480 3430 2551 σωμάτων
3471 2483 3551 2543 εἰς
3581 2479 3854 2551 σώματα,

2265 2572 2371 2624 ὑπὸ
2411 2570 2507 2623 τοῦ
2557 2569 2899 2641 δημιουργοῦ
2939 2568 3348 2640 φρουρούμενα.
3412 2571 3537 2623 Ὀτι
3586 2571 3643 2624 δὲ
3691 2572 3850 2624 τοῦθ’

2264 2661 2436 2724 οὕτως
2465 2660 2601 2731 ἔχει,
2640 2662 2828 2732 φησὶν,
2857 2659 3068 2713 ἔνεστιν
3092 2661 3139 2693 ⁷⁸
3163 2661 3257 2714 καὶ
3291 2663 3354 2714 ἐκ
3382 2660 3480 2715 τοῦ
3516 2661 3638 2715 ’1ὼὸ
3670 2680 3855 2717 κατα-

2264 2754 2453 2824 νοῆσαι
2478 2752 2755 2821 λέγοντοςο
2787 2750 2893 2805 Kal
2918 2750 3033 2820 ἐγὼ
3060 2751 3101 2784 τ’
3132 2751 3430 2821 anim-ﬁta;
3460 2752 3506 2784 ⁸⁸
3526 2753 3625 2805 καί
3656 2755 3857 2809 τόπον

2264 2845 2332 2898 ἐκ
2372 2846 2570 2898 τόπων
2624 2843 3079 2913 μεταϐαίνουσα
3122 2844 3223 2898 καί
3254 2842 3452 2898 οἰκίαν
3494 2845 3564 2909 ἐξ
3600 2847 3806 2911 οἰκίας
3833 2889 3853 2912 ,

2267 2937 2361 2989 καὶ
2388 2936 2480 2988 τοῦ
2507 2935 2766 3005 Σωτῆρος
2803 2934 3055 3003 λέγοντος
3076 2953 3090 2965 ο
3129 2937 3239 2990 Kal
3274 2938 3327 2989 εἰ
3352 2936 3556 2991 θέλετε
3587 2938 3630 2969 ³⁸
3661 2938 3855 3003 δέξα-

2266 3028 2429 3088 σθαι,
2457 3026 2637 3091 αὐτός
2666 3026 2840 3079 ἐστιν
2882 3025 3081 3091 Ἠλίας
3115 3029 3148 3079 d
3160 3024 3404 3096 μέλλων
3430 3028 3737 3096 ἔρχεσθαι.
3784 3029 3857 3083 '0

590 3122 725 3174 lides
756 3136 887 3174 vero
918 3122 1240 3191 pradicalur
1270 3120 1336 3173 ad
1373 3119 1747 3174 remissionem
1793 3130 2163 3189 peccatorum.

2268 3118 2424 3186 ἔχων
2446 3112 2567 3171 ὦτα
2618 3118 2863 3171 ἀκούειν
2891 3116 3175 3172 ἀκουέτω.
3229 3118 3361 3171 Ἀπὸ
3390 3117 3445 3171 δὲ
3472 3118 3567 3172 τοῦ
3595 3120 3861 3193 Σωτῆρος

2193 3183 2237 3232 υ

590 3210 707 3266 Tali
736 3213 967 3281 qundam
1011 3214 1171 3266 modo
1220 3212 1534 3281 unigenitns
1587 3211 1728 3266 ﬁlius
1760 3211 1868 3277 ille,
1907 3228 2028 3266 cum
2056 3227 2162 3266 teo-

2274 3206 2768 3277 μετενσωμάτωσις
2806 3205 3123 3270 πέπαυται,
3175 3207 3358 3272 πίστις
3412 3208 3467 3261 δὲ
3504 3210 3857 3280 κηρύσσεται

591 3321 742 3370 ιιιιιη,
785 3305 875 3374 qui
912 3319 1072 3373 snpra
1104 3312 1253 3367 sunt,
1288 3303 1438 3355 ideas
1467 3301 1674 3355 videret
1714 3308 1942 3371 desuper
1979 3312 2160 3357 trans-

592 3406 830 3451 mutatas
891 3396 943 3449 in
1002 3394 1354 3448 tenebricosis
1401 3393 1737 3462 corporibus,
1784 3393 2015 3449 liberare
2069 3410 2161 3450 eas

593 3488 928 3542 descendens
960 3485 1146 3540 voluit.
1183 3484 1315 3539 Cum
1350 3493 1527 3538 autem
1588 3485 1771 3550 sciret,
1819 3495 1876 3537 ut
1922 3486 2163 3555 pleroma

603 3579 978 3633 universorum
1012 3591 1225 3632 wonum
1262 3575 1420 3630 simul
1448 3576 1715 3640 viderent,
1750 3591 1817 3631 ne
1848 3591 2030 3631 acones
2053 3578 2166 3645 qui-

594 3669 715 3723 dem
777 3668 980 3732 valere,
1055 3667 1148 3722 sed
1203 3675 1584 3720 consternatos
1643 3680 1739 3721 eos
1783 3666 2165 3736 corruptibiles

592 3762 994 3829 corruptionem
1072 3760 1224 3829 pati,
1304 3756 1678 3827 magnitudine
1751 3768 1806 3812 et
1860 3758 2166 3839 _splendore

591 3854 877 3921 potestatis
927 3860 1205 3921 correptos
1247 3869 1260 3905 :
1316 3850 1495 3921 coegit
1549 3864 1609 3904 se
1683 3860 1935 3921 tanquam
1984 3850 2164 3921 fulgur

590 3947 887 3999 maximum
918 3946 970 3999 in
1015 3945 1237 4000 minimo
1278 3958 1531 4012 corpore,
1582 3944 1691 3998 imo
1744 3958 1873 3999 vero
1901 3953 2159 4013 tanquam

592 4038 771 4091 lumen
816 4036 957 4091 oculi
1015 4036 1117 4091 sub
1174 4034 1445 4105 palpebris
1508 4044 1779 4099 coactum,
1818 4045 1870 4090 et
1920 4036 2165 4104 pervenit

591 4144 761 4197 usque
788 4129 853 4182 ad
876 4128 1095 4192 malum,
1127 4127 1429 4195 stellisque,
1466 4142 1586 4197 qua:
1612 4127 1682 4181 ibi
1711 4138 1859 4189 sunt,
1892 4126 2166 4183 contactis

594 4234 781 4274 rursus
813 4233 873 4273 se
921 4220 1065 4288 cogit
1124 4218 1225 4271 sub
1280 4218 1552 4287 palpebris
1594 4218 1734 4273 oculi
1785 4219 2003 4287 quando
2028 4218 2161 4271 vult.

594 4312 849 4378 Idemque
891 4325 1013 4363 cum
1069 4308 1200 4362 facit
1243 4308 1423 4364 lumen
1477 4310 1644 4373 oculi,
1686 4310 1830 4379 quod
1876 4320 1930 4363 et
1965 4312 2165 4381 ubique

592 4402 807 4457 exsistit
847 4411 900 4455 et
940 4399 1156 4464 omnia,
1196 4400 1350 4455 nobis
1404 4410 1489 4455 est
1540 4404 1835 4468 occultum,
1892 4402 2166 4457 cernimus

2270 3300 2350 3360 εἰς
2395 3297 2587 3365 ἄφεσιν
2625 3298 2927 3369 ἁμαρτιῶν.
2976 3298 3227 3352 Τοιοῦτόν
3253 3316 3373 3353 τινα
3405 3301 3606 3373 τρόπον
3635 3306 3663 3356 6
3688 3321 3850 3374 μονοο

2270 3388 2433 3458 γενὴς
2464 3388 2592 3451 Υίὸς
2622 3390 2854 3453 ἐκεῖνος,
2888 3392 2916 3442 6
2944 3389 3053 3443 τῶν
3083 3390 3297 3445 αἰώνων
3335 3393 3543 3447 ἄνωθεν
3574 3394 3672 3458 τὰς
3704 3396 3859 3460 ἰδέας

2274 3478 2487 3549 βλέπων
2525 3480 2623 3543 τὰς
2648 3478 2854 3533 ἄνωθεν
2883 3481 3359 3551 μεταδαλλομένας
3392 3485 3450 3537 έν
3482 3488 3598 3550 τοῖς
3638 3504 3861 3541 σκοτει-

2270 3574 2379 3635 νοῖς
2411 3570 2664 3641 σώμασι,
2720 3571 2985 3643 ῥύσασθαι
3027 3572 3303 3627 κατελθὼν
3348 3574 3640 3647 ἠθέλησεν.
3675 3578 3859 3641 Εἰδὼς

2272 3663 2351 3730 δὲ,
2385 3664 2466 3716 ὅτι
2505 3663 2565 3715 τὸ
2617 3662 2894 3733 πλήρωμα
2921 3663 3031 3717 τῶν
3063 3664 3202 3718 ὅλων
3233 3666 3445 3720 αἰώνων
3479 3668 3599 3721 οὐδὲ
3636 3670 3686 3722 οἰ
3713 3669 3860 3722 αἰῶ.

2271 3773 2359 3820 νες
2384 3755 2578 3828 ἀθρόον
2598 3757 2644 3789 ⁸³
2676 3757 2805 3810 ἰδεῖν
2827 3758 3210 3829 ὑπομένουσιν,
3238 3760 3374 3816 ἀλλὰ
3405 3763 3860 3833 καταπλαγέντες

2272 3849 2322 3902 οι
2355 3850 2401 3880 ss
2439 3849 2669 3920 φθαρτοὶ
2693 3849 2901 3920 φθορὰν
2931 3851 3264 3923 ὑπομένουσι
3293 3892 3311 3917 ,
3347 3855 3568 3924 μεγέθει
3601 3859 3694 3910 καὶ
3722 3858 3861 3929 δόξῃ

2272 3941 2553 4011 δυνάμεως
2619 3941 3115 4011 κατειλημμένοι,
3150 3946 3434 4010 συστείλας
3511 3948 3702 4001 ἑαυτὸν
3772 3949 3859 4014 ὡς

2272 4033 2560 4104 ἀστραπὴν
2594 4033 2859 4103 μεγίστην
2894 4036 2951 4086 έν
2990 4035 3261 4109 ἐλαχίστῳ
3294 4037 3525 4109 σώματι,
3561 4040 3765 4108 μᾶλλον
3793 4041 3860 4094 δὲ
3904 4038 3907 4039 ⁷

2273 4124 2349 4187 ὡς
2389 4125 2503 4193 φῶς
2548 4124 2723 4190 ὅψεως
2764 4125 2867 4178 ὑπὸ
2912 4128 3026 4189 τοῖς
3074 4126 3364 4197 βλεφάροις
3402 4130 3860 4202 συνεσταλμένον,

2272 4213 2562 4279 ἐξικνεῖται
2603 4214 2800 4284 μέχρις
2832 4216 3090 4287 οὐρανοῦ,
3144 4222 3239 4274 καὶ
3282 4221 3392 4273 τῶν
3431 4221 3677 4293 ἀστέρων
3724 4224 3860 4276 ἑπι-

2271 4306 2487 4374 ψαύσας
2514 4307 2623 4361 τῶν
2651 4308 2699 4340 ⁸⁸
2732 4309 2849 4361 ἐκεῖ
2880 4308 3041 4361 πάλιν
3068 4310 3265 4363 ἑαυτὸν
3295 4312 3576 4364 συστέλλει
3608 4313 3715 4365 ὑπὸ
3739 4317 3861 4373 τοῖς

2272 4399 2561 4470 βλεφάροις
2613 4399 2714 4466 τῆς
2792 4402 2966 4471 ὂψεως
3016 4402 3104 4454 ὅτε
3153 4402 3420 4473 βούλεται.
3476 4403 3585 4457 Καὶ
3620 4405 3861 4458 toﬁ-ro"

594 4502 774 4546 autem
814 4507 914 4545 nos
943 4491 1017 4544 nil
1044 4491 1147 4545 nisi
1181 4490 1322 4544 oculi
1368 4491 1671 4560 palpebras,
1708 4492 1936 4559 angulos
1978 4494 2163 4547 candi-

2275 4490 2464 4545 ποιοῦν
2506 4491 2566 4544 τὸ
2610 4492 2727 4561 φῶς
2759 4494 2859 4565 τῆς
2906 4493 3081 4563 ὅψεως
3105 4534 3120 4557 ,
3151 4495 3245 4547 καὶ
3276 4496 3524 4565 πανταχῆ
3566 4500 3861 4565 γινόμενον

598 4582 716 4648 dos,
754 4580 1123 4636 membranam
1149 4579 1350 4643 laxam,
1382 4580 1680 4647 sinuosam,
1726 4596 2002 4645 venosam,
2028 4585 2167 4637 tuni-

600 4690 718 4727 cam
748 4688 1024 4739 corneam,
1053 4674 1153 4727 sub
1182 4686 1245 4729 ea
1298 4684 1474 4727 autem
1512 4674 1768 4743 pupillam
1809 4688 2165 4741 racemosam,

605 4764 972 4826 reticulatam,
1018 4763 1413 4830 orbiculatam,
1453 4765 1571 4818 etsi
1617 4780 1736 4833 quae
1791 4765 1909 4819 alite
1947 4765 2166 4819 luminis

595 4858 738 4911 oculi
770 4866 894 4911 snnt
928 4858 1147 4920 tunicae,
1179 4857 1378 4925 quibus
1411 4856 1665 4909 vestitum
1701 4855 2026 4909 occultatum
2058 4867 2161 4911 est.

591 4952 694 5014 lta,
724 4950 929 5017 inquit,
987 4948 1293 5016 unigenitus
1339 4946 1480 5000 Illius
1516 4961 1747 5015 superne
1777 4956 2033 5013 aeternus,
2068 4963 2163 5001 su-

593 5040 905 5108 perindutus
941 5038 1239 5091 secundum
1270 5036 1513 5105 singulos
1549 5051 1789 5104 quosque
1827 5037 1969 5091 tertii
1996 5038 2162 5093 monis

591 5146 788 5195 mones,
825 5146 947 5185 cum
978 5130 1184 5183 exstitit
1219 5129 1272 5181 in
1317 5131 1652 5183 triaconlade
1702 5144 1936 5193 mnuum,
1988 5130 2162 5184 intro-

2280 4583 2376 4636 καὶ
2427 4582 2639 4647 πάντα,
2687 4586 2820 4654 ἡμῖν
2861 4586 3010 4638 ἐστιν
3057 4586 3306 4654 ἀφανὲς,
3343 4588 3504 4656 μόνον
3544 4588 3601 4640 δὲ
3632 4588 3861 4659 ὁρῶμεν

2274 4673 2438 4741 ἡμεῖς
2465 4671 2640 4741 ὅψεως
2678 4671 2945 4743 βλέφαρα,
2986 4674 3218 4737 κανθοὺς
3251 4674 3480 4737 λευκοὺς
3504 4715 3519 4736 ,
3552 4676 3731 4746 ὑμένα
3762 4678 3863 4731 εὖ·

2277 4766 2372 4835 ρὺν
2408 4766 2453 4796 ⁸⁸
2489 4764 2831 4834 πολύπτυχον
2877 4766 3248 4837 πολυκτηδόνα
3294 4768 3362 4831 ⁸⁷,
3394 4768 3595 4838 χιτῶνα
3627 4787 3863 4838 κερατο-

2272 4856 2424 4927 ειδῆ,
2496 4857 2602 4910 ὑπὸ
2651 4857 2707 4910 δὲ
2764 4859 2951 4913 τοῦτον
3006 4861 3175 4931 κόρην
3226 4862 3514 4933 ραγοειδῆ,
3570 4865 3859 4935 ἁμφιὸλη-

2275 4949 2543 5020 στροειδῆ,
2572 4949 2865 5021 δισκοειδῆ,
2900 4951 2994 5005 καὶ
3021 4951 3231 5016 εἰτινες
3257 4954 3405 5008 ἄλλοι
3434 4953 3525 5008 τοῦ
3552 4956 3730 5025 φωτὸς
3754 4957 3861 5027 τῆς

2271 5038 2446 5107 ὄψεώς
2492 5041 2599 5093 εἰσι
2651 5041 2917 5111 χιτῶνες,
2967 5041 3059 5105 οὒς
3112 5044 3470 5114 ὲστολισμένη
3522 5046 3858 5117 κέκρυπται.

2272 5128 2460 5193 Οὕτως
2485 5173 2503 5195 ,
2548 5133 2713 5200 φησιν
2739 5172 2756 5197 ,
2785 5134 2813 5184 6
2859 5134 3153 5205 μονογενὴς
3201 5137 3330 5196 παῖς
3381 5135 3589 5190 ἄνωθεν
3636 5139 3866 5214 αἰώνιος

1852 5280 2091 5334 νΛίίιᾹί
2129 5280 2531 5338 LECTIONES.

661 5421 707 5452 ⁷⁸
739 5420 821 5475 Cl.
850 5416 1074 5496 "Ubios.
1116 5431 1197 5482 ιιι,
1231 5415 1285 5470 2.
1321 5416 1368 5447 ⁷⁸
1391 5415 1582 5496 βατάνι-
1606 5416 1765 5496 βάτον
1786 5416 1851 5481 C,
1879 5416 2058 5487 M,qui
2079 5414 2192 5496 jam
2226 5416 2782 5496 observavitpocetas
2803 5422 2901 5496 ΔΙιίιι
2925 5423 2979 5478 in
3013 5424 3213 5479 verbali
3244 5423 3407 5496 βατόν
3427 5424 3649 5482 ludere:
3685 5429 3862 5481 πάτον

591 5493 634 5548 si
672 5508 776 5545 non
815 5489 1179 5548 scribendum,
1211 5498 1258 5537 at
1290 5485 1434 5541 certe
1464 5485 1783 5542 audiendum
1816 5504 1938 5544 esse
1967 5485 2115 5553 putat
2146 5485 2445 5553 Roeperus.

2546 5491 2590 5565 ζ’
2629 5488 2758 5547 Voc.
2781 5492 2933 5565 γΘεδς
2963 5509 3219 5557 exesum,
3244 5488 3354 5550 'sed
3391 5498 3695 5565 compendii
3730 5503 3861 5552 reli—

590 5563 731 5636 quis:
763 5568 1045 5636 apparent.
1196 5627 1208 5636 .
1228 5554 1274 5636 ’ξ
1306 5554 1479 5609 ἔνεστι
1505 5558 1582 5636 Ω..
1642 5557 1837 5636 "Job.
1878 5574 1936 5636 ιι,
1961 5559 2014 5613 9.
2048 5597 2061 5609 .
2096 5556 2378 5636 ..καί-εγὼ
2400 5558 2663 5636 πλανῇτις
2709 5564 2803 5636 καὶ
2831 5554 3018 5636 λάτρις
3068 5554 3241 5636 ,τόπον
3271 5554 3535 5636 ὲκᾼτόπού
3562 5583 3860 5636 περιερχο-

595 5584 731 5631 qum:
763 5584 1045 5626 apparent.
1083 5584 1151 5609 ιη.
1232 5584 1268 5587 ’ί
1306 5584 1479 5609 meo“
1505 5584 1565 5613 υ.
1648 5584 1684 5591 ’⁷
1718 5584 1837 5612 δυιν.
1878 5584 1936 5621 ιι,
1963 5584 2014 5613 υ.
2048 5597 2061 5609 .
2096 5597 2111 5611 .
2148 5584 2238 5609 aut.
2267 5584 2378 5623 ιγω
2405 5584 2542 5611 πΛαν
2581 5584 2663 5623 τις
2709 5584 2803 5617 και
2832 5584 3018 5634 Αατρις
3076 5584 3241 5619 τοπον
3271 5584 3336 5618 εκ
3364 5584 3535 5618 τοπου
3562 5584 3722 5636 περιε
3801 5585 3860 5621 ο.

595 5630 845 5705 μένηκαί
870 5626 1131 5705 οἰκίαν-ἑξ
1162 5627 1356 5705 οἰκίας,
1390 5644 1443 5679 κ.
1468 5645 1535 5705 τ.
1567 5627 1615 5683 λ.
1643 5628 1739 5705 --⁸ο
1759 5628 2053 5705 aly-7311;.
2086 5627 2365 5705 πλανήτης
2532 5584 2795 5705 ἃᾼλίοιιίι.
2832 5649 2908 5705 ιι,
2940 5634 3028 5697 14,
3056 5635 3147 5705 15.
3226 5636 3271 5666 ⁸¹
3306 5634 3526 5705 ἁθρόον.
3570 5637 3622 5690 οἰ
3656 5584 3860 5705 dog-5w

589 5695 654 5764 (ἶ,
695 5695 992 5775 οἰόθρόοι·
1016 5697 1148 5775 Chr.
1213 5698 1583 5775 Ιςοιιιιεριιὶιιε.⁸
1642 5695 1793 5775 "hei,
1828 5695 1943 5775 ώςὶί
1977 5699 2108 5775 (ὶίιι-ἶ
2144 5695 2515 5775 Ρυιωςεοιιιιιε.
2568 5699 2639 5775 _“
2664 5703 2980 5775 έπιψαύσας
3015 5695 3147 5759 τῶν.
3183 5695 3609 5775 errabunda.me
3640 5706 3705 5771 (1,
3732 5695 3862 5759 δικι-

592 5765 914 5846 φαυσᾲντων
1084 5766 1134 5843 7⁸⁸
1160 5767 1337 5820 τοῦτο.
1380 5768 1586 5846 ἷλὺτόῗ
1693 5768 1739 5800 ⁸⁸
1768 5769 1942 5837 ὑμένα
1981 5767 2164 5838 εὐρύν.
2196 5767 2409 5846 ,ὑμένας
2437 5770 2523 5838 ρὶν
2557 5770 2623 5846 ρ’,
2655 5765 2829 5842 ὑμένα
2875 5765 3129 5846 σάρκινον
3188 5765 3488 5845 Bosporus.

3600 5775 3647 5809 ⁸⁷
3690 5775 3859 5830 πολυ-

601 5836 851 5910 κτηδόνα.
904 5837 1234 5906 πολύκτηνον
1273 5853 1357 5907 pr.
1387 5836 1449 5902 C,
1487 5837 1676 5893 cadent
1704 5836 1864 5892 manu
1901 5836 2164 5894 mutatum
2196 5836 2252 5893 in
2275 5836 2698 5909 πολυκτηνδόναζ
