4124 6516
555 514 698 580 3365

551 629 698 690 sivit,

553 719 697 774 aliud
745 725 922 769 autem
957 710 1130 764 ferum
1179 717 1402 759 manere
1448 711 1503 757 ct
1539 699 1823 754 materiam
1871 695 2131 764 appellari

555 811 907 870 inconditam.
973 803 1121 858 Hanc
1176 797 1531 854 substantiam
1585 807 1704 847 esse
1760 791 2133 844 universorum
2179 811 2182 814 ν

554 911 705 970 dicit,
750 903 902 973 quasi
951 915 1145 954 novum
1189 895 1368 949 ferens
1418 892 1608 959 dogma
1655 885 1932 953 discipulis
1985 885 2134 945 suis;

559 1018 667 1057 non
700 1010 878 1054 autem
908 994 1181 1062 cogitabat
1208 987 1540 1044 Socraticam
1576 983 1714 1035 hanc
1737 993 1854 1031 che
1882 975 2136 1035 fabulam,

558 1111 586 1147 a
639 1093 866 1147 Platone
914 1085 1105 1140 melius
1153 1096 1313 1151 quam
1363 1079 1428 1132 ab
1475 1075 1810 1143 Hermogene
1849 1067 2138 1122 excultam.

557 1185 833 1241 Christum
869 1190 1044 1234 autem
1098 1175 1261 1228 lilium
1313 1183 1434 1226 esse
1477 1167 1673 1220 fatetur
1712 1162 1829 1227 Dei,
1877 1160 1966 1229 qui
2023 1158 2144 1210 nni-

558 1291 773 1332 vcrsnm
806 1271 1092 1330 creaverit,
1135 1278 1366 1331 eumque
1407 1275 1438 1315 e
1465 1258 1673 1328 virgine
1713 1265 1897 1318 natum
1932 1265 2051 1304 esse
2091 1259 2145 1302 et

563 1365 770 1435 Spiritu
819 1361 1103 1415 coulitetur
1129 1353 1424 1410 secundum
1466 1346 1876 1416 Evangeliornm
1921 1355 2140 1405 vocem;

563 1473 748 1529 quem,
792 1465 1074 1524 postquam
1123 1460 1316 1518 passus
1361 1443 1452 1505 sit,
1500 1438 1879 1493 resuscitatqu
1927 1433 1978 1485 iu
2025 1447 2144 1483 cor-

566 1565 698 1620 pore
731 1545 1044 1616 apparuisse
1079 1539 1358 1609 discipulis
1401 1543 1457 1589 et
1491 1534 1542 1587 in
1582 1529 1747 1584 caelos
1782 1532 2141 1581 revertentem

567 1645 620 1696 in
678 1641 788 1695 sole
831 1651 1024 1704 corpus
1081 1631 1382 1698 reliquisse,
1431 1627 1601 1693 ipsum
1651 1635 1778 1674 vero
1830 1617 1895 1669 ad
1924 1613 2141 1668 Patrem

569 1732 907 1798 migravisse.
954 1724 1289 1780 Tes'imonio
1324 1729 1505 1773 autem
1546 1714 1712 1768 utitur
1743 1711 2013 1764 arbitrans
2059 1708 2146 1760 de-

570 1825 714 1881 fendi
767 1839 824 1877 se
856 1838 950 1892 per
981 1819 1220 1879 eﬂ'atum,
1257 1815 1398 1882 quod
1441 1809 1718 1880 psalntista
1762 1805 1924 1859 Daxid
1974 1805 2142 1856 dicit:

569 1907 638 1962 In
672 1908 781 1960 sole
818 1891 988 1972 posuit
1019 1898 1414 1954 tabernncu'um
1457 1909 1630 1953 stium.
1664 1901 1709 1944 et
1748 1891 1858 1956 ipse
1893 1900 2142 1953 tanquam

569 2013 793 2064 sponsus
839 1994 1120 2063 procedens
1178 1991 1240 2043 de
1304 1989 1533 2040 thalamo
1587 2001 1718 2039 suo.
1774 1982 2052 2034 exsultabit
2097 1987 2152 2031 ut

573 2092 722 2160 gigas
762 2089 829 2142 ad
861 2083 1175 2139 riu-rendam
1211 2083 1367 2134 viam.
1418 2077 1538 2132 Haec
1566 2077 1728 2146 igitur
1754 2085 1808 2129 et
1857 2073 2158 2141 Hermoge-

579 2197 676 2236 nes
709 2178 1140 2247 aggrediehatnr.

652 2271 740 2326 18.
783 2269 887 2322 Alii
938 2277 1114 2319 autem
1152 2263 1368 2334 quidam
1415 2268 1603 2313 natura
1651 2255 1895 2323 litigiosi,
1929 2252 2153 2310 scientia

578 2361 818 2425 indocti,
879 2358 1118 2413 moribus
1161 2352 1517 2425 pugnaciores
1563 2349 1841 2402 declarant
1897 2355 2156 2414 oportere

578 2452 784 2510 Pascha
816 2450 903 2505 die
932 2457 1120 2517 quarta
1152 2445 1358 2498 decima
1413 2439 1570 2509 primi
1621 2439 1825 2492 mensis
1872 2436 2154 2492 observari

581 2545 879 2602 secundum
927 2541 1058 2610 legis
1104 2537 1439 2600 institutum,
1497 2533 1548 2587 in
1596 2544 1972 2600 quamcunque
2015 2530 2154 2582 diem

581 2637 685 2709 (sc.
736 2631 1107 2701 hebdomadis)
1157 2627 1428 2690 inciderit,
1483 2623 1844 2692 suspicientes
1896 2623 1967 2686 id,
2016 2621 2156 2688 quod

581 2729 842 2796 scriptum
873 2733 954 2779 est
987 2723 1038 2775 in
1070 2721 1206 2787 lege,
1251 2715 1594 2770 maledictum
1629 2711 1744 2766 fore
1778 2726 1899 2764 eum
1924 2711 2010 2780 qui
2048 2727 2154 2764 non

580 2819 656 2873 ita
693 2822 1081 2872 observaturus
1107 2813 1201 2875 sit,
1237 2821 1292 2862 ut
1317 2807 1646 2876 priccipitur,
1675 2819 1780 2856 non
1809 2805 2150 2857 attendentes

582 2908 653 2963 ad
681 2908 758 2970 id,
788 2907 930 2975 quod
965 2905 1045 2959 lex
1073 2903 1367 2958 constituta
1403 2908 1485 2954 est
1509 2898 1708 2954 Judatis
1736 2911 1920 2950 verum
1951 2893 2157 2948 Pascha

583 2999 898 3064 sublaturis,
934 2997 1074 3066 quod
1103 2996 1168 3049 ad
1212 3005 1400 3063 gentes
1433 2991 1644 3045 transiit
1685 2998 1740 3043 et
1772 2988 1874 3044 [ide
1910 2988 2162 3058 intelligi-

544 3098 547 3101 '
585 3103 696 3157 tur,
725 3106 830 3144 non
865 3091 1038 3144 littera
1073 3100 1214 3141 nunc
1243 3086 1564 3141 observatur
1593 3100 1606 3135 :
1635 3080 1724 3150 qui
1759 3079 1824 3132 ad
1859 3080 1959 3133 hoc
1998 3094 2161 3133 unum

585 3176 934 3232 attendentes
968 3180 1294 3242 praeceptum
1328 3182 1432 3222 non
1472 3164 1769 3234 respiciunt
1803 3162 1876 3224 id,
1909 3164 2050 3232 quod
2075 3161 2161 3215 di-

584 3277 732 3324 ctum
771 3273 854 3320 est
884 3265 952 3318 ab
982 3261 1280 3330 Apostolo:
1312 3257 1586 3324 Testiﬁcor
1630 3256 1771 3309 onmi
1817 3253 2019 3307 homini
2060 3255 2164 3306 cir-

589 3358 904 3414 cnmcidenti
956 3371 1030 3419 se,
1079 3353 1328 3422 quoniam
1377 3349 1581 3403 debitor
1611 3356 1691 3402 est
1733 3347 1994 3400 universa
2035 3345 2164 3415 legis

590 3452 872 3523 faciendw.
913 3448 968 3502 In
1011 3446 1236 3515 reliquis
1265 3452 1444 3500 autem
1482 3441 1534 3495 hi
1565 3439 1860 3494 concinnnl.
1887 3453 2010 3492 cum
2052 3453 2170 3492 ont-

591 3543 774 3608 nibus,
799 3556 922 3612 quae
951 3538 1204 3594 Ecclesia:
1235 3536 1302 3592 ab
1335 3533 1594 3606 apostolis
1625 3531 1818 3586 tradita
1853 3538 1998 3586 sunt.

662 3707 1035 3782 ηδε-437
1081 3704 1165 3760 i9.
1202 3703 1302 3759 Alii
1339 3712 1518 3757 autem
1553 3709 1606 3755 et
1641 3699 1738 3768 ipsi
1777 3708 1962 3755 natura
2001 3701 2171 3768 magis

594 3805 858 3862 hmretici.
885 3815 1080 3872 genere
1106 3800 1367 3868 Phryges,
1395 3796 1754 3866 praeoccupati
1779 3812 1806 3848 a
1839 3794 2172 3849 mulierculis

595 3895 802 3962 decepti
830 3904 976 3958 sunt,
1008 3891 1249 3946 Priscilla
1279 3889 1510 3958 quadam
1538 3898 1592 3942 et
1618 3887 1908 3942 Maximilla
1935 3887 2170 3952 vocatis,

596 4001 734 4056 quas
766 3986 1137 4055 prophetissas
1168 3996 1287 4036 esse
1321 3990 1546 4050 putant,
1579 3980 1820 4034 dicentes
1847 3980 1900 4033 in
1931 3995 2023 4034 eos
2051 3995 2170 4034 ces-

595 4082 737 4134 sisse
769 4077 1108 4132 Paracletnm
1144 4076 1443 4145 Spiritum;
1476 4084 1531 4128 et
1559 4074 1846 4142 quentdam
1877 4083 2000 4126 ante
2032 4074 2174 4143 ipsas

597 4169 910 4224 Montanum
948 4169 1109 4223 simili
1147 4169 1304 4222 modo
1339 4167 1618 4221 celebrant
1653 4177 1902 4233 tanquam
1940 4167 2172 4236 prophe-

601 4272 732 4319 tam.
758 4276 986 4328 quorum
1015 4261 1181 4314 libros
1206 4260 1442 4312 inﬁnitos
1467 4259 1727 4312 habentes
1751 4260 2027 4322 aberrant,
2051 4276 2173 4314 cum

603 4369 778 4421 neque
804 4369 923 4422 quae
954 4354 1020 4406 ah
1052 4353 1116 4404 iis
1147 4354 1287 4404 dicta
1321 4360 1444 4404 sunt
1474 4350 1684 4403 ratione
1707 4349 1976 4418 judicent,
2007 4367 2178 4421 neque

601 4447 668 4499 ad
712 4459 827 4506 eos,
873 4444 962 4512 qui
1004 4442 1248 4512 judicare
1293 4453 1539 4510 possunt,
1585 4457 1704 4496 sese
1750 4443 2040 4510 applicent,
2085 4445 2178 4498 sed

599 4535 721 4591 sine
765 4536 972 4606 judicio
1032 4534 1223 4587 lidncia
1278 4535 1329 4586 in
1387 4533 1455 4587 iis
1503 4532 1766 4586 collocata
1815 4530 2175 4600 adducantur,

2038 489 2405 550 ORIGENIS

745 634 798 680 et
827 619 967 690 quod
1002 615 1264 672 domitum
1298 618 1402 676 est,
1433 609 1536 664 hoc
1573 621 1693 661 esse
1732 604 1986 658 mundum
2027 602 2124 663 ait,

2263 597 2371 652 ἴναι
2418 599 2622 669 κόσμον
2659 597 2829 666 λέγει,
2883 595 2945 648 τὸ
2974 594 3030 649 δὲ
3071 591 3264 664 ἄγριον
3312 588 3494 661 μένειν
3563 585 3657 640 καὶ
3687 585 3828 655 ὓλην

3683 472 3831 536 3366

2241 691 2518 746 καλεῖσθαι
2547 691 2809 757 ἄκοσμον.
2842 687 3059 757 Ταύτην
3090 683 3279 741 οὐσίαν
3323 677 3462 734 εἶναι
3509 678 3620 732 τῶν
3655 677 3834 731 ἁπάν-

2239 800 2346 835 των
2395 781 2564 848 λέγει,
2617 780 2691 842 ὡς
2721 779 2906 831 καινὸν
2937 778 2983 808 δ’
3036 776 3220 847 φέρων
3250 773 3429 840 δόγμα
3487 772 3600 833 τοῖς
3659 763 3834 820 αὑτοῦ

2246 871 2536 942 μαθηταῖς,
2569 869 2667 922 οὐκ
2704 868 2900 920 ἐνενόει
2930 866 3009 925 δὲ,
3057 865 3139 916 ὅτι
3185 860 3534 930 Σωκρατικδς
3584 859 3613 911 δ
3653 855 3827 926 μῦθος

2242 959 2394 1021 οὗτος
2415 961 2692 1029 τυγχάνει,
2725 959 2828 1010 ὑπὸ
2847 957 3133 1016 Πλάτωνος
3159 951 3586 1021 ἐξειργασμένος
3614 947 3831 1018 βέλτιον

2179 1059 2189 1074 ⁷
2245 1050 2273 1116 ἦ
2307 1048 2411 1101 ὑπὸ
2449 1048 2829 1117 Ἑρμογένους.
2857 1045 2961 1096 Τὸν
3001 1044 3054 1095 δὲ
3101 1041 3337 1111 Χριστὸν
3387 1040 3504 1092 υίδν
3543 1033 3683 1090 εἶναι.
3706 1039 3838 1106 δμο-

2242 1137 2390 1204 λογεῖ
2421 1136 2514 1188 τοῦ
2532 1135 2600 1189 τὰ
2635 1136 2812 1188 πάντα
2846 1135 3136 1196 κτίσαντος
3165 1130 3323 1197 Θεοῦ,
3360 1130 3456 1184 καὶ
3485 1129 3650 1182 αὑτὸν
3684 1131 3735 1160 ³⁸
3762 1130 3831 1180 ἐκ

2244 1227 2514 1298 παρθένου
2550 1221 2879 1295 γεγενῆσθαι
2921 1225 3015 1278 καὶ
3049 1222 3368 1294 πνεύματος
3394 1220 3751 1291 συνομολογεῖ
3775 1219 3822 1250 ἰ

2245 1320 2385 1374 κατὰ
2414 1318 2511 1390 τὴν
2538 1318 2643 1372 τῶν
2677 1316 3024 1384 Εὐαγγελίων
3057 1316 3264 1385 φωνὴν,
3293 1311 3352 1367 δν
3389 1312 3526 1382 μετὰ
3553 1312 3613 1364 τὸ
3646 1311 3827 1373 πάθος

2245 1408 2535 1480 ἐγερθέντα
2576 1411 2633 1460 ὲν
2678 1407 2890 1477 σώματι
2941 1406 3247 1476 πεφηνέναι
3279 1405 3325 1436 ’⁸
3358 1405 3470 1464 τοῖς
3523 1401 3821 1470 μαθηταῖς,

2244 1502 2340 1555 καὶ
2365 1501 2726 1572 ἀνερχόμενον
2757 1501 2837 1562 είς
2890 1499 3017 1561 τοὺς
3050 1498 3316 1568 οὐρανοὺς
3345 1497 3402 1547 ἐν
3461 1494 3540 1564 τῷ
3587 1493 3729 1563 ἡλίῳ
3761 1493 3825 1545 τδ

2248 1595 2405 1664 σῶμα
2437 1592 2887 1646 καταλελοιπέναι
2921 1591 2989 1653 ⁸³,
3024 1590 3188 1642 αὐτὸν
3223 1587 3282 1641 δὲ
3318 1587 3456 1658 πρὸς
3491 1585 3582 1638 τὸν
3614 1584 3840 1651 Πατέρα

2249 1682 2638 1755 πεπορεῦσθαι.
2685 1680 2977 1753 Μαρτυρία
3016 1681 3073 1733 δὲ
3108 1680 3309 1751 χρῆται
3341 1679 3389 1710 ’³
3419 1676 3660 1744 νομίζων
3719 1675 3829 1726 ὑπὸ

2246 1775 2339 1829 τοῦ
2377 1775 2538 1846 ῥητοῦ
2575 1773 2995 1846 συνηγορεῖσθαι
3043 1764 3218 1840 οὗπερ
3272 1771 3300 1822 ὁ
3341 1768 3634 1840 ψαλμῳδδς
3663 1765 3837 1819 Δαϐὶδ

2248 1867 2396 1935 λέγει
2415 1884 2430 1899 ο
2483 1868 2585 1921 Ἐν
2611 1864 2692 1930 τῷ
2721 1866 2873 1933 ἡλίῳ
2908 1863 2955 1896 ’⁸
2989 1863 3158 1917 ἔθετο
3186 1861 3250 1915 τὸ
3295 1859 3589 1928 σκήνωμα
3611 1856 3827 1919 αὐτοῦ.

2187 1958 2228 2016 Β
2257 1960 2353 2013 καὶ
2379 1959 2557 2024 αὐτὸς
2583 1959 2662 2023 ὡς
2689 1956 2947 2026 νυμφίος
2982 1955 3458 2022 ἐκπορευόμενος
3483 1951 3552 2004 ἐκ
3589 1948 3834 2002 παστοῦ

2255 2049 2465 2111 αὑτοῦ,
2517 2047 2948 2118 ἀγαλλιάσεται
2999 2046 3080 2111 ὡς
3138 2045 3308 2114 γίγας
3360 2041 3607 2112 δραμεῖν
3665 2039 3838 2094 ὀδόν.

2255 2141 2440 2195 Ταῦτα
2473 2141 2568 2210 μὲν
2598 2136 2690 2193 οὖν
2724 2139 2818 2193 καὶ
2858 2137 3198 2209 Ἑρμογένης
3230 2134 3528 2204 ἐπεχείρει.

2329 2231 2418 2304 ιη’.
2450 2232 2665 2302 Ἔτεροι
2687 2230 2743 2283 δέ
2772 2247 2914 2292 τινες
2947 2229 3247 2298 φιλόνεικοι
3277 2228 3375 2297 τὴν
3403 2227 3587 2294 φύσιν,
3620 2223 3840 2277 ἰδιῶται

2255 2326 2354 2397 τὴν
2368 2325 2592 2394 γνῶσιν,
2621 2320 2995 2394 μαχιμώτεροι
3021 2321 3114 2374 τὸν
3137 2320 3363 2389 τρόπον,
3387 2317 3774 2371 συνιστάνουσι
3798 2316 3848 2348 ⁸⁸

2257 2418 2366 2472 δεῖν
2397 2418 2457 2470 τὸ
2487 2417 2678 2485 Πάσχα
2715 2417 2779 2485 τῇ
2829 2411 3404 2483 τεσσαρεσκαιδεκάτη
3464 2408 3559 2462 τοῦ
3610 2407 3841 2478 πρώτου

2262 2510 2427 2582 μηνὸς
2478 2508 2782 2579 φυιλάσσειν
2833 2505 2975 2560 κατὰ
3038 2505 3138 2575 τὴν
3178 2503 3272 2557 τοῦ
3338 2503 3501 2570 νόμου
3551 2502 3847 2569 διαταγὴν,

2259 2607 2315 2656 ὲν
2408 2605 2473 2656 ἂν
2500 2602 2684 2674 ἡμέρα
2720 2599 2958 2671 ἐμπέσῃ,
2996 2595 3343 2668 ὑφορώμενοι
3396 2595 3440 2626 ⁸⁷
3490 2594 3551 2645 τδ
3597 2609 3854 2662 γεγραμο

2263 2693 2421 2764 μένον
2469 2693 2527 2746 ἐν
2575 2691 2726 2761 νόμῳ
2773 2690 2842 2752 ⁸⁸,
2891 2687 3297 2758 ἐπικατάρατον
3347 2682 3565 2736 ἔσεσθαι
3617 2683 3711 2734 τὸν
3768 2681 3848 2752 μὴ

2263 2783 2575 2853 φυλάξαντα
2598 2781 2770 2843 οὕτως
2792 2781 2866 2843 ὡς
2885 2781 2930 2813 ⁹⁹
2957 2777 3350 2839 διαστέλλεται,
3399 2775 3458 2828 ού
3488 2774 3855 2844 προσέχοντες

2262 2877 2345 2930 ὅτι
2378 2874 2653 2937 Ἰουδαίοις
2688 2873 3060 2942 ἐνομοθετεϊτο
3085 2872 3197 2933 τοῖς
3231 2867 3486 2939 μέλλουσι
3511 2867 3570 2919 τὸ
3587 2865 3855 2935 ἀληθινὸν

2264 2965 2456 3036 Πάσχα
2491 2964 2759 3035 ἀναιρεῖν,
2793 2961 2854 3015 τὸ
2882 2963 2966 3026 είς
2995 2959 3123 3031 ἔθνη
3157 2961 3416 3030 χωρῆσαν
3455 2955 3466 2984 ¹
3518 2957 3612 3009 καὶ
3660 2956 3858 3008 πίστει

2263 3058 2574 3129 νοούμενον,
2611 3057 2674 3125 ού
2718 3055 3011 3127 γράμματι
3055 3051 3152 3106 νῦν
3204 3050 3581 3122 τηρούμενονο
3639 3046 3690 3099 οἳ
3745 3047 3858 3116 μιᾷ

2262 3153 2436 3225 ταύτῃ
2465 3149 2826 3220 προσέχοντες
2861 3146 3050 3216 ἐντολῇ
3082 3144 3184 3197 οὐκ
3221 3141 3502 3211 ἀφορῶσιν
3532 3140 3613 3202 είς
3662 3137 3723 3191 τὸ
3772 3140 3856 3191 εἰ·

2270 3245 2505 3316 ρημένον
2536 3241 2641 3294 ὑπὸ
2677 3238 2772 3292 τοῦ
2815 3235 3160 3301 Ἀποστόλου,
3201 3235 3286 3287 ὅτι
3325 3231 3803 3301 Διαμαρτύρομαι
3840 3231 3866 3260 ¹

2192 3301 2234 3358 C
2267 3301 2445 3390 ἓτὶἐντι
2497 3329 2994 3400 περιτεμνομένῳ,
3045 3327 3149 3380 -ὅτι
3201 3325 3518 3395 ὀφειλέτης
3548 3322 3683 3376 ἐστι
3740 3320 3862 3375 τοῦ

2267 3425 2463 3480 πάντα
2492 3424 2599 3478 τὸν
2620 3423 2806 3491 νόμον
2832 3419 3101 3489 ποιῆσαι.
3120 3419 3209 3471 Ἐν
3236 3417 3293 3470 δὲ
3323 3417 3436 3479 τοῖς
3469 3415 3678 3487 ἑτέροις
3701 3407 3862 3468 οὗτοι

2271 3515 2620 3588 συμφωνοῦσι
2654 3515 2790 3584 πρὸς
2820 3514 2997 3566 πάντα
3025 3510 3093 3565 τὰ
3125 3513 3191 3582 τῇ
3241 3507 3537 3580 Ἐκκλησία
3589 3507 3696 3561 ὑπὸ
3744 3507 3866 3562 τῶν

2270 3605 2589 3660 ἀποστόλων
2629 3601 3079 3674 παραδεδομένα.
3258 3613 3260 3616 '

2345 3699 2421 3773 [p.
2457 3700 2582 3752 275.
2616 3695 2772 3768 276.]
2805 3696 3024 3766 Ἒτεροι
3055 3692 3111 3746 δὲ
3137 3692 3234 3747 καὶ
3261 3691 3418 3745 αὐτοὶ
3447 3690 3874 3763 αἱρετικὼτεροι

2271 3795 2372 3864 τὴν
2411 3792 2597 3863 φύσιν,
2630 3789 2843 3861 Φρύγες
2884 3787 2946 3840 τὸ
2979 3787 3159 3854 γένος,
3195 3783 3604 3855 προληφθέντες
3631 3784 3737 3836 ὑπὸ
3766 3801 3872 3850 γυ-

2273 3885 2440 3940 ναίων
2473 3883 2807 3954 ἡπάτηνται,
2843 3877 3180 3950 Πρισκίλλης
3204 3879 3351 3940 τινὸς
3384 3877 3480 3930 καὶ
3516 3874 3873 3945 Μαξιμίλλης

2275 3979 2645 4048 καλουμένων,
2685 3974 2756 4039 ἃς
2787 3971 3132 4044 προφήτιδας
3162 3971 3502 4042 νομίζουσιν,
3549 3973 3608 4022 έν
3637 3970 3875 4033 ταύταις

2276 4074 2335 4128 τὸ
2363 4071 2722 4143 Παράκλητον
2780 4065 3005 4136 Πνεῦμα
3049 4067 3423 4136 κεχωρηκέναι
3464 4063 3738 4130 λέγοντες,
3770 4079 3875 4114 και

2276 4180 2397 4217 τινα
2430 4161 2536 4232 πρὸ
2591 4157 2772 4213 αὐτῶν
2823 4157 3106 4211 Μοντανὺν
3171 4157 3379 4226 ὁμοίως
3433 4152 3751 4218 δοξάζουσιν
3791 4152 3875 4216 ὡς

2279 4256 2586 4327 προφήτην,
2620 4245 2695 4306 ὧν
2727 4250 2945 4322 βίϐλους
2969 4248 3235 4318 ἀπείρους
3274 4249 3497 4318 ἔχοντες
3527 4247 3872 4310 πλανῶνται,

2283 4349 2419 4418 μήτε
2443 4345 2508 4397 τά
2527 4346 2615 4397 ὑπ’
2635 4344 2700 4396 αὐ
2712 4341 2818 4395 τῶν
2850 4339 3052 4408 λελαλη
3063 4340 3200 4409 μένα
3219 4339 3364 4408 λόγῳ
3387 4338 3694 4407 κρίναντες,
3725 4338 3874 4406 μήτε

2280 4441 2390 4502 τοῖς
2449 4439 2636 4508 κρῖναι
2689 4433 3012 4501 δυναμένοις
3055 4431 3438 4502 προσέχοντες,
3464 4429 3577 4481 ἀλλ’
3623 4428 3876 4498 ἀκρίτως

2281 4531 2345 4599 τῇ
2383 4526 2518 4597 πρὸς
2561 4525 2762 4587 αὐτοὺς
2802 4527 2985 4575 πίστει
3017 4521 3443 4592 προσφέρονται,
3492 4518 3675 4571 πλεῖόν
3709 4536 3761 4570 τι
3796 4517 3876 4570 δι’

532 4650 546 4658 -
601 4628 754 4695 plura
809 4630 1051 4696 qnzedam
1110 4643 1205 4696 per
1256 4642 1350 4680 eos
1399 4627 1641 4680 dicentes
1696 4632 1867 4677 semet
1917 4624 2159 4679 didicisse

2283 4617 2460 4672 αὐτῶν
2495 4617 2798 4685 φάσκοντες
2847 4611 2968 4685 [ὡς]
2996 4613 3015 4643 ³
3070 4612 3454 4682 μεμαθηκέναι
3501 4610 3534 4681 ἢ
3578 4611 3642 4664 ἐκ
3693 4611 3869 4677 νόμου

603 4737 766 4791 quam
816 4737 880 4774 ex
933 4720 1050 4787 lege
1094 4730 1150 4774 et
1199 4719 1478 4790 prophetis
1523 4715 1951 4784 evangeliisque.
2000 4715 2172 4786 Supra

603 4809 876 4874 apostolos
902 4818 1078 4862 autem
1107 4818 1162 4861 et
1185 4811 1540 4877 quodcunque
1565 4804 1838 4859 charisma
1871 4805 2032 4859 hasce
2060 4822 2176 4856 nnt-

603 4899 857 4954 Iiercnlas
896 4901 1183 4962 extollunt,
1228 4901 1297 4954 ita
1346 4908 1401 4951 ut
1443 4899 1659 4966 quidam
1708 4913 1893 4952 eorum
1942 4897 2178 4951 audeant

603 4992 779 5062 majus
817 4992 1031 5060 aliquod
1068 5007 1227 5060 quam
1264 4990 1538 5045 Christum
1578 4990 1761 5044 dicere
1797 4991 1850 5043 in
1886 4989 1964 5042 eis
2005 4990 2174 5043 exsti-

606 5086 760 5140 tisse.
788 5083 850 5137 l‘li
883 5085 1100 5154 quidem
1133 5095 1338 5151 patrem
1372 5083 1608 5136 universi
1638 5081 1801 5136 Deum
1829 5083 2181 5150 omniumque

606 5193 790 5232 rerum
823 5188 1122 5232 creatorem
1157 5175 1513 5231 consimiliter
1540 5183 1702 5244 atque
1735 5175 1972 5229 Ecclesia
2004 5175 2175 5226 conli-

2278 4711 2371 4764 καὶ
2403 4709 2694 4781 προφητῶν
2726 4708 2820 4761 καὶ
2860 4707 2970 4760 τῶν
3003 4705 3370 4772 Εὑαγγελίων.
3429 4703 3600 4773 Ὑπὲρ
3640 4703 3698 4755 δὲ
3736 4702 3880 4754 ἁπο-

2281 4803 2500 4866 στόλους
2528 4803 2623 4855 καὶ
2659 4803 2768 4855 πᾶν
2811 4801 3059 4870 χάρισμα
3088 4797 3262 4849 ταῦτα
3289 4797 3356 4850 τὰ
3385 4794 3581 4864 γύναια
3606 4794 3872 4859 δοξάζου-

2279 4912 2382 4959 σιν,
2401 4894 2492 4955 κὼς
2519 4893 2724 4962 τολμᾷν
2756 4890 2939 4943 πλεῖόν
2985 4907 3039 4942 τι
3092 4888 3332 4958 Χριστοῦ
3370 4889 3428 4940 ἐν
3449 4888 3659 4949 τούτοις
3687 4885 3878 4954 λέγειν

2277 4985 2431 5049 τινὰς
2468 4985 2649 5038 αὐτῶν
2682 4983 2985 5050 γεγονέναι.
3034 4974 3195 5035 Οὗτοι
3229 4979 3321 5033 τὸν
3364 4980 3465 5049 μὲν
3505 4979 3727 5046 Πατέρα
3760 4978 3880 5030 τῶν

2280 5079 2416 5132 ὅλων
2435 5078 2582 5129 -Θεδν
2610 5079 2702 5128 καὶ
2738 5076 2955 5129 πάντων
2988 5074 3212 5143 κτίστην
3241 5071 3444 5141 ὁμοίως
3462 5073 3528 5142 τῇ
3568 5069 3879 5140 Ἐκκλησία

2285 5172 2607 5243 ὁμολογοῦσι
2639 5171 2734 5225 καὶ
2761 5171 2862 5222 ὅσα
2883 5169 2943 5222 τὸ
2972 5165 3308 5236 Εὑαγγέλιον
3340 5167 3468 5237 περὶ
3501 5164 3596 5218 τοῦ
3626 5163 3877 5236 Χριστοῦ

1879 5330 2112 5386 VARle
2152 5331 2327 5386 LEC'I'
2336 5329 2443 5384 ΙοΝ
2452 5329 2554 5384 ES.

715 5490 760 5522 ⁸³
800 5489 1006 5543 καινόν.
1055 5489 1208 5542 κενὸν
1249 5487 1311 5543 C.
1396 5488 1442 5519 ⁹⁰
1505 5487 1685 5540 αὐτόν.
1721 5486 1802 5538 ὅτι
1836 5485 1896 5547 C,
1937 5484 2005 5542 Μ,
2034 5483 2159 5548 qui:

2261 5493 2276 5537 t
2303 5484 2525 5536 verbum
2565 5481 2616 5534 in
2641 5479 2681 5534 C
2713 5495 2906 5551 magna
2945 5488 3097 5546 parte
3126 5464 3354 5551 exesum
3385 5491 3505 5551 esse
3532 5516 3546 5540 ,
3569 5477 3675 5551 sed
3703 5491 3880 5547 appa-

612 5574 733 5612 rere
761 5563 859 5612 hoc
893 5560 1056 5613 fuiSs'e
1083 5600 1098 5617 .
1131 5575 1238 5612 non
1275 5558 1336 5611 τὸ
1365 5597 1378 5609 .
1410 5573 1578 5625 quare
1616 5574 1733 5610 mos
1768 5556 2059 5624 γεγένηται
2095 5555 2464 5608 scribendum.

1357 5629 1403 5659 9³
1427 5624 1893 5683 καταλελοιπέναι.
1922 5624 2349 5684 καταλελυπέναι
2374 5625 2433 5676 (3.

615 5693 1086 5781 ς’συνιστάνοιιρα
1116 5700 1545 5781 σνδσταίκιο·δσι·0.
1622 5697 2051 5780 ⁹Ζύρορώμενοα
2093 5694 2451 5766 ὑφορώμενοι
2512 5693 2570 5748 C.

615 5629 859 5697 φηνέναι.
889 5634 1190 5698 πεφηκέναι
1221 5629 1280 5683 C.

616 5770 906 5837 Sauppius.
983 5771 1028 5800 ’θ
1059 5770 1150 5832 ὡς.
1187 5787 1294 5822 om.
1335 5769 1394 5824 C.

1475 5770 1489 5799 ³
1524 5761 1806 5838 χωρῆσανξ
1843 5761 2220 5838 χωρήσανᾭ,
2259 5761 2505 5838 χωρῇσον
2531 5835 2541 5838 _
2563 5778 2712 5832 susp.
2749 5761 2816 5838 Μ.

2572 5552 2616 5584 ⁹¹
2665 5547 3032 5619 συνομολογεῖ.
3081 5549 3209 5619 μὲν
3238 5547 3492 5619 ὁμολογεῖ
3540 5547 3604 5598 tl.
3693 5551 3738 5580 "
3778 5565 3881 5600 1:2-

2511 5624 2559 5655 "
2582 5616 2808 5692 χρῆται]
2831 5623 3030 5692 χρᾶται
3064 5616 3126 5682 C,
3165 5617 3233 5692 Μ.
3274 5616 3280 5618 ⁷
3309 5616 3532 5692 "_Psa_l_.
3562 5633 3719 5692 xviii.
3738 5618 3792 5678 '5.
3821 5620 3873 5668 ti.

2620 5658 2703 5723 .J“
2735 5658 2903 5761 νόμῷῒῖ
2951 5658 3136 5761 νόμιμ’,
3200 5687 3301 5761 ὁ)ςᾷ
3345 5687 3444 5761 C,_
3487 5686 3583 5761 M._
3618 5659 3878 5761 Coi'rexj

2899 5762 2918 5790 ²
2949 5757 3122 5815 Galat.
3166 5776 3226 5824 ν,
3273 5759 3306 5813 5
3339 5777 3354 5812 :
3393 5757 3796 5829 Maps-ﬁgenda
3823 5757 3882 5829 δὲ

619 5827 781 5893 πάλιν
816 5841 1092 5905 (πάλινιιι.
1117 5847 1250 5905 οιιι.)
1281 5842 1440 5892 παντὶ
1471 5827 1742 5908 ἀνθρώ-πω
1765 5827 2224 5907 περιτεμνομένῳ,
2256 5827 2644 5904 ὅτίόφειλέτης
2662 5827 2811 5886 ἔστιν
2829 5830 2947 5885 ὅλον
2963 5831 3054 5884 τὸν
3077 5831 3240 5902 νόμον
3272 5827 3516 5901 ποιῆσαι.
3594 5827 3616 5860 ³
3642 5827 3720 5892 ὡς
3754 5827 3878 5881 atil-

620 5912 767 5989 h-r-Js
794 5922 938 5966 recte
963 5910 1248 5966 delendum
1269 5917 1419 5978 putat
1444 5927 1456 5962 :
1488 5908 1519 5976 ἢ
1544 5906 1616 5972 ὡς
1647 5906 1944 5977 Reeperus.
