4124 6514
267 514 408 580 3367

1358 519 1648 579 CONTRA
1692 519 2059 582 H/ERESES
2096 523 2241 585 LIB.
2279 526 2444 586 VIII.

3381 539 3519 607 39.68

269 611 559 694 μαρτυρεῖ,
583 623 885 688 καινίζουσι
912 624 970 678 δὲ
1005 625 1026 658 ⁸
1046 627 1319 698 νηστείας,
1348 631 1440 682 καὶ
1479 632 1692 702 ἑορτὰς,
1747 633 1836 685 καὶ

1948 645 2128 690 tentur
2161 648 2214 690 et
2247 654 2582 708 quaecunque
2618 640 2966 715 Evangelinm
3001 643 3068 700 de
3099 646 3320 705 Christo
3352 658 3514 706 testa-

264 711 637 782 ξηροιραγίας,
683 713 777 765 καὶ
804 715 1222 784 ῥαφανοφαγίας
1261 716 1562 785 φάσκοντες
1595 720 1700 772 ὑπὸ
1737 721 1846 774 τῶν

268 803 508 868 γυναίων
537 801 866 873 δεδιδάχθαι.
897 803 1057 868 Τινὲς
1083 805 1138 858 δὲ
1172 807 1351 860 αὐτῶν
1377 811 1443 878 τῇ
1473 809 1584 861 τῶν
1607 810 1846 880 Νοητια-

267 893 376 945 νῶν
411 893 626 963 αἱρέσει
652 895 1030 963 συντιθέμενοι
1053 896 1142 948 τὸν
1167 898 1382 968 Πατέρα
1405 897 1567 953 αὑτὸν
1593 897 1731 952 εἷναι
1754 901 1846 954 τὸν

268 983 396 1036 Υίὸν
421 983 669 1052 λέγουσι,
701 987 795 1038 καὶ⁵
835 986 1023 1039 τοῦτον
1055 987 1160 1040 ὑπὸ
1190 989 1406 1057 γένεσιν
1430 991 1524 1044 καὶ⁵
1553 991 1722 1055 πάθος
1751 991 1846 1044 καὶ

267 1074 499 1128 θάνατον
528 1075 866 1145 ἐληλυθέναι.
903 1079 1038 1148 Περὶ
1074 1078 1280 1134 τούτων
1320 1076 1478 1144 αὖθις
1521 1081 1848 1153 λεπτομερέ-

269 1183 459 1236 στερον
491 1168 818 1237 ἐκθήσομαι·
846 1167 1059 1234 πολλοῖς
1083 1171 1190 1242 γάρ
1219 1173 1440 1244 ἀφορμὴ
1475 1174 1657 1226 κακῶν
1683 1173 1844 1242 γεγέ-

267 1276 423 1327 νηται
450 1261 482 1327 ἡ
516 1260 722 1311 τούτων
765 1260 997 1331 αἵρεσις.
1033 1262 1214 1317 Ἱκανὰ
1245 1264 1343 1334 μὲν
1369 1261 1462 1317 οὖν
1493 1269 1588 1317 καὶ
1614 1263 1682 1318 τὰ
1715 1267 1843 1336 περὶ

265 1351 475 1405 τούτων
520 1352 787 1422 εἰρημένα
845 1353 1139 1424 κρίνομεν,
1188 1354 1256 1408 δι’
1315 1355 1510 1423 ὀλίγων
1563 1355 1629 1409 τὰ
1674 1357 1847 1411 πολλά

269 1442 490 1514 φλύαρα
522 1443 702 1497 αὐτῶν
753 1443 933 1513 βιόλία
977 1462 1036 1498 τε
1079 1446 1176 1499 κα)⁸
1228 1447 1632 1518 ἐπιχειρήματα
1681 1450 1846 1503 πᾶσιν

268 1535 638 1602 ἐπιδείξαντες
676 1535 877 1606 ἀσθενῆ
905 1537 1032 1590 ὄντα
1081 1537 1173 1591 καὶ
1220 1538 1446 1608 μηδενὸς
1490 1540 1646 1606 λόγου
1695 1540 1843 1606 ἄξια,

266 1621 348 1688 οἷς
379 1627 441 1679 ού
479 1626 582 1697 χρὴ
614 1627 904 1698 προσέχειν
927 1629 1055 1691 τοὺς
1091 1629 1402 1698 ὑγιαίνοντα
1424 1630 1547 1684 νοῦν
1570 1631 1844 1701 κεκτημέ-

267 1735 391 1772 νους
413 1719 458 1773 ³.

337 1817 404 1864 κ’.
442 1812 659 1880 Ἕτεροι
689 1810 746 1863 δὲ
772 1811 996 1876 ἑαυτοὺς
1042 1813 1446 1877 ἀποκαλοῦντες
1486 1815 1844 1886 Ἐγκρατίτας

266 1921 332 1956 τα
370 1902 470 1972 μὲν
499 1905 624 1973 περὶ
651 1901 745 1954 τοῦ
776 1901 912 1955 Θεοῦ
937 1904 1028 1956 καὶ
1055 1904 1147 1956 τοῦ
1179 1905 1414 1975 Χριστοῦ
1439 1906 1638 1976 ὁμοίως
1660 1909 1752 1960 καὶ
1775 1912 1838 1979 τῇ

1951 742 2053 792 ltlt',
2087 744 2282 786 novant
2313 742 2489 788 autem
2516 735 2722 805 jejunia
2749 747 2803 792 et
2833 738 2965 793 festa
2998 749 3049 796 et
3081 743 3440 811 xerophagias
3465 755 3520 800 et

1949 823 2433 893 raphanophagias,
2461 826 2773 882 dictitantes
2801 845 2828 881 ιι
2859 831 3192 886 mulierculis
3217 847 3391 889 semet
3417 837 3516 890 dov

1943 920 2061 966 ctos
2100 928 2241 966 esse.
2277 913 2503 978 Quidam
2542 926 2720 970 autem
2755 933 2940 972 eorum
2980 919 3364 977 Noetianorum
3407 926 3518 979 hre-

1947 1005 2051 1057 resi
2098 1006 2458 1060 assentientes
2499 1005 2707 1062 Patrem
2754 1009 2928 1078 ipsum
2972 1027 3092 1066 esse
3135 1013 3299 1066 lilium
3343 1016 3514 1081 aiunt,

1944 1103 2000 1148 et
2016 1095 2156 1149 lume
2181 1099 2583 1164 generationem
2617 1109 2670 1153 et
2696 1101 3002 1166 passionem
3034 1112 3086 1157 et
3118 1113 3347 1158 mortem
3382 1106 3516 1159 sub-

1947 1187 2092 1241 iisse.
2118 1187 2193 1240 De
2220 1188 2304 1243 his
2329 1189 2523 1244 deinde
2563 1191 2810 1246 subtilius
2850 1208 3137 1262 exponam,
3163 1195 3347 1250 multis
3369 1197 3513 1251 enim

1943 1281 2206 1335 malorum
2230 1296 2391 1335 causa
2417 1283 2626 1338 exstitit
2651 1284 2840 1338 horum
2866 1285 3108 1340 haeresis.
3135 1285 3326 1340 l-donea
3352 1288 3515 1356 igitur

1944 1382 1998 1426 et
2038 1385 2122 1435 ea,
2157 1387 2275 1438 qua:
2307 1373 2374 1428 de
2409 1373 2492 1428 his
2525 1374 2666 1428 dicta
2701 1383 2848 1439 sunt,
2884 1389 3188 1440 censemus,
3224 1387 3510 1446 postquam

1945 1479 2041 1534 per
2063 1480 2231 1534 pauca
2259 1465 2458 1520 multos
2486 1466 2695 1534 ineptos
2719 1483 2906 1521 eorum
2935 1477 2990 1522 ct
3016 1467 3180 1523 libros
3206 1479 3257 1522 et
3280 1479 3508 1522 conatus

1943 1556 2193 1612 onmibus
2225 1557 2733 1622 demonstravimus,
2765 1569 2949 1627 utpote
2983 1561 3224 1615 inlirmos
3254 1561 3510 1631 nulloque

1945 1649 2109 1703 verba
2131 1649 2340 1718 dignos,
2366 1649 2557 1716 quilms
2581 1664 2684 1701 non
2711 1664 2832 1704 sese
2857 1650 3130 1720 applicare
3158 1661 3369 1720 oportet
3392 1667 3507 1717 eos,

1941 1737 2032 1806 qui
2062 1751 2189 1790 sana
2225 1747 2403 1789 mente
2431 1737 2635 1804 praditi
2668 1749 2814 1792 sunt.

2011 1827 2100 1882 20.
2141 1828 2244 1882 Alii
2278 1838 2455 1881 autem
2492 1837 2665 1881 semet
2699 1829 3029 1897 appel.antes
3065 1830 3371 1885 Eucratitas
3405 1845 3464 1884 ea
3486 1871 3504 1893 ,

1943 1935 2062 1987 quae
2090 1920 2154 1971 ad
2188 1919 2348 1970 Deum
2378 1928 2430 1971 et
2459 1919 2728 1973 Christum
2759 1921 3045 1987 pertinent,
3076 1922 3323 1976 similiter
3347 1933 3508 1992 atque

275 1993 574 2065 Ἐκκλησία
605 1992 948 2063 ὁμολογοῦσι,
987 1997 1114 2062 περὶ
1154 1995 1210 2048 δὲ
1244 1996 1518 2048 πολιτείαν
1564 2015 1836 2064 πεφυσιω-

1943 2009 2104 2062 etiam
2131 2007 2368 2064 Ecclesia
2393 2012 2742 2072 conﬁtentur,
2767 2012 2940 2080 quoad
2966 2013 3088 2065 vita:
3115 2013 3503 2068 institutionem

267 2085 419 2152 μένοι
442 2083 890 2152 ἀναστρέφονται,
915 2084 1138 2147 ἑαυτοὺς
1161 2083 1247 2136 διὰ
1271 2084 1574 2155 βρωμάτων
1602 2085 1840 2150 δοξάζειν

260 2177 575 2246 νομίζοντες
598 2174 925 2245 ἀπεχόμενοι
954 2175 1235 2246 ἐμψύχων,
1261 2176 1683 2246 ὐδροποτοῦντες
1704 2179 1724 2209 ⁸
1747 2176 1846 2232 καῖ

261 2272 463 2336 γαμεῖν
507 2267 826 2332 κωλύοντες,
883 2268 972 2320 καὶ
1019 2267 1094 2338 τῷ
1142 2268 1311 2339 λοιπῷ
1361 2268 1462 2338 βίῳ
1518 2268 1840 2342 καταξηρως

259 2361 642 2430 προσέχοντες,
671 2359 872 2429 μᾶλλον
916 2360 1140 2412 Κυνικοὶ
1171 2359 1203 2429 ἢ
1242 2360 1557 2429 Χριστιανοὶ
1585 2361 1635 2412 οἱ
1662 2359 1835 2425 τοιοῦο

257 2469 338 2512 τοι
356 2451 686 2521 κρινόμενοι,
710 2452 770 2503 οὐ
791 2451 1144 2523 προσέχοντες
1172 2453 1282 2514 τοῖς
1310 2451 1396 2505 διὰ
1427 2450 1520 2504 τοῦ
1545 2452 1838 2505 ἀποστόλου

258 2542 477 2596 Παύλου
507 2545 586 2604 είς
610 2543 808 2604 αὐτοὺς
839 2542 1280 2612 προειρημένοις,
1330 2543 1388 2605 ὃς
1431 2543 1791 2613 προφητεύων
1818 2543 1838 2572 ⁷

255 2634 324 2687 τά
385 2631 650 2703 μέλλοντα
686 2631 792 2684 ὑπὸ
847 2649 1006 2684 τινων
1061 2632 1237 2702 μάτην
1291 2631 1630 2697 καινίζεσθαι
1661 2632 1836 2696 οὕτως

255 2725 394 2797 ἔφη·
439 2726 509 2778 Τὸ
542 2723 610 2776 δὲ
648 2723 885 2792 πνεῦμα
933 2723 954 2753 ⁸
979 2721 1178 2791 ῥητῶς
1208 2722 1369 2794 λέγει
1411 2726 1464 2755 ὀ
1516 2725 1620 2778 Ἐν
1665 2724 1838 2780 ὑστέ-

250 2834 384 2885 ροις
415 2814 644 2882 καιροῖς
659 2814 1118 2882 ἀποστήσονταί
1136 2832 1294 2881 τινες
1314 2814 1426 2881 τῆς
1447 2817 1836 2886 ὑγιαινούσης

256 2906 656 2972 διδασκαλίας
693 2906 756 2969 ¹⁰,
800 2908 1204 2975 προσέχοντες
1234 2907 1534 2976 πνεύμασι
1580 2907 1836 2974 πλάνοις

258 2999 334 3072 [ιι.
402 2996 702 3070 176-278]
752 2997 848 3051 καὶ
902 2997 1318 3062 διδασκαλίαις
1355 2996 1718 3066 δαιμονίων,
1765 2999 1836 3051 ἐν

255 3091 574 3158 ὑποκρίσει
601 3087 1018 3158 ψευδολόγων,
1075 3087 1678 3158 κεκαυτηριασμένων
1721 3089 1836 3157 τὴν

262 3182 421 3238 ίδίαν
438 3180 825 3247 συνείδησιν,
860 3181 1224 3234 κωλυόντων
1249 3179 1478 3250 γαμεῖν,
1507 3179 1833 3250 ἀπέχεσθαι

255 3273 608 3344 βρωμάτων,
637 3271 676 3328 ἃ
711 3275 745 3327 ό
777 3271 922 3338 Θεὸς
943 3271 1188 3327 ἔκτισεν
1205 3274 1292 3340 είς
1314 3271 1661 3342 μετάληψιν
1687 3273 1834 3342 μετὰ

258 3365 644 3437 εὐχαριστίας
680 3363 804 3429 τοῖς
863 3363 1100 3430 πιστοῖς
1157 3363 1257 3417 καὶ
1292 3364 1665 3434 ἐπεγνωκόσι
1720 3365 1835 3431 τὴν

256 3457 568 3524 ἀλήθειαν,
593 3455 681 3508 ὅτι
711 3453 838 3510 πᾶν
861 3455 1084 3524 κτίσμα
1110 3454 1258 3509 Θεοῦ
1282 3453 1495 3519 καλὸν,
1531 3455 1629 3508 καὶ
1655 3453 1835 3508 οὐδὲν

257 3550 603 3615 ἀπόϐλητον
666 3547 816 3615 μετὰ
896 3548 1284 3616 εὐχαριστίας
1351 3547 1828 3616 λαμϐανόμενον.

266 3640 585 3713 Ἀγιιὰζεται
621 3643 730 3710 γὰρ
773 3638 871 3692 διὰ
910 3640 1098 3707 λόγου
1143 3639 1292 3693 Θεοῦ
1340 3639 1438 3693 καὶ
1483 3639 1828 3704 ἐντεύξεως.

265 3734 450 3803 Ἱκανὴ
480 3735 577 3804 μὲν
611 3728 703 3786 οὖν
748 3731 888 3802 αὕτη
921 3733 954 3802 ἡ
987 3733 1139 3801 φωνὴ
1169 3732 1264 3784 τοῦ
1299 3732 1570 3802 μακαρίου
1619 3731 1830 3784 Παύλου

253 3829 389 3900 πρὸς
421 3829 660 3898 ἔλεγχον
681 3828 722 3858 ⁸⁸
748 3827 858 3880 τῶν
884 3825 1056 3889 οὕτως
1087 3825 1344 3896 βιούντων
1369 3828 1461 3880 καὶ
1496 3824 1831 3895 σεμνυνομέ-

252 3936 358 3974 νων
384 3920 612 3973 δικαίων
646 3919 728 3982 είς
764 3918 825 3972 τὸ
866 3917 1035 3984 δεῖξαι
1065 3920 1145 3972 ὅτι
1176 3919 1272 3972 καὶ
1303 3919 1462 3973 τοῦτο
1499 3919 1729 3989 αἵρεσις.
1769 3917 1832 3970 Ei

252 4009 306 4063 δὲ
330 4011 426 4065 καὶ
456 4009 644 4078 ἓτεραί
667 4027 809 4071 τινες
829 4010 1071 4079 αἱρέσεις
1090 4009 1444 4079 ὀνομάζονται
1465 4009 1506 4040 ¹⁸
1530 4007 1744 4062 Καῖνῶν
1765 4010 1828 4069 ¹³,

265 4101 560 4172 Ὀξριτῶνῆ
605 4101 892 4171 Νοχαῖτῶν
939 4103 982 4132 ’³
1028 4102 1125 4153 καλ⁸
1171 4101 1372 4172 ἐτέρων
1421 4099 1698 4163 τοιούτων,
1731 4099 1831 4151 οὐκ

254 4200 553 4266 ἀναγκαῖον
581 4198 794 4268 ἥγημαι
835 4199 904 4252 τά
935 4198 1026 4250 ὑπ’
1077 4198 1256 4252 αὐτῶν
1289 4198 1559 4268 λεγόμενα
1601 4196 1635 4267 ἢ
1683 4195 1828 4262 γινό-

258 4307 391 4356 μενα
419 4288 701 4346 ἐκθέσθαι,
729 4288 816 4340 ἴνα
845 4288 921 4358 μὴ
943 4288 1047 4342 κᾶν
1077 4291 1134 4342 ὲν
1172 4288 1347 4358 τούτῳ
1381 4288 1533 4352 τινάς
1564 4288 1762 4350 αὐτοὺς
1794 4287 1827 4357 ἢ

253 4378 410 4447 λόγου
441 4378 627 4442 ἀξίους
650 4380 892 4449 ἡγῶνται
927 4381 989 4434 ¹⁵.
1031 4380 1168 4432 Ἀλλ’
1197 4380 1316 4433 ἐπεὶ
1347 4381 1441 4433 καὶ
1467 4381 1535 4433 τὰ
1556 4379 1686 4449 περὶ
1708 4378 1830 4431 τού-

257 4487 360 4522 των
411 4469 664 4539 αὐτάρκη
695 4469 843 4523 δοκεῖ
866 4466 1027 4534 εἶναι,
1059 4472 1414 4541 παρέλθωμεν
1448 4471 1540 4524 ἐπὶ
1567 4470 1664 4540 τὴν
1697 4472 1830 4522 πᾶσι

255 4561 359 4614 τῶν
390 4561 582 4638 κακῶν
627 4562 804 4614 αἰτίαν
836 4563 1046 4634 αἵρεσιν
1076 4562 1413 4632 Νοητιανῶν,
1447 4565 1545 4633 τήν
1572 4579 1626 4615 τε
1674 4559 1830 4632 ῥίζαν

1940 2108 2120 2153 autem
2164 2100 2330 2152 inllati
2372 2110 2676 2164 versantur,
2719 2117 2838 2154 cum
2881 2102 3210 2157 arbitrantes
3254 2118 3372 2156 sese
3414 2119 3508 2172 per

1941 2190 2090 2243 Cibus
2119 2189 2336 2258 gloriari
2369 2189 2676 2243 abstineant
2703 2192 2986 2256 animatis,
3015 2207 3207 2260 aquam
3241 2203 3420 2260 potent
3453 2203 3508 2245 et

1942 2282 2140 2335 nubere
2187 2281 2506 2348 prohibeant
2551 2291 2602 2336 et
2655 2281 2874 2350 reliquae
2917 2283 3037 2336 vitae
3090 2285 3350 2351 peraridae
3395 2293 3509 2338 stu-

1939 2373 2135 2436 deant,
2170 2371 2352 2442 Cynici
2393 2373 2482 2440 qui
2527 2373 2698 2440 potius
2731 2387 2890 2440 quam
2926 2371 3218 2426 Christiani
3253 2374 3508 2443 judican-

1939 2473 2044 2528 tur,
2081 2479 2186 2517 non
2219 2465 2560 2518 attendentes
2591 2464 2658 2516 ad
2692 2479 2751 2518 ea
2777 2503 2791 2527 ,
2827 2480 2944 2532 qua!
2982 2477 3074 2532 per
3105 2462 3330 2517 Paulum
3369 2481 3502 2535 apo-

1937 2555 2130 2609 stolum
2160 2554 2213 2607 in
2241 2568 2336 2608 eos
2368 2555 2616 2621 pra’dicta
2647 2563 2794 2618 sunt,
2824 2553 2912 2622 qui
2947 2553 3242 2622 prtedicens
3270 2569 3354 2619 ea,
3385 2571 3504 2624 qua:

1940 2645 2136 2700 fruStra
2175 2645 2388 2714 quidam
2427 2646 2672 2698 novatori
2705 2655 2920 2707 essent,
2957 2645 3090 2699 dixit
3125 2646 3175 2700 in
3215 2647 3356 2700 hunc
3391 2661 3508 2700 mo-

1937 2740 2062 2791 dum
2091 2752 2106 2791 :
2133 2737 2368 2806 Spiritus
2397 2749 2569 2790 autent
2602 2737 2880 2806 manifeste
2908 2739 3038 2790 dicit
3065 2751 3093 2790 :-
3114 2737 3174 2790 In
3207 2739 3504 2792 novissimis

1937 2832 2252 2900 temporibus
2287 2830 2546 2888 discedent
2581 2831 2794 2898 quidam
2828 2847 2858 2884 a
2893 2845 3024 2884 sana
3060 2830 3296 2884 doctrina
3331 2840 3507 2883 atten-

1935 2924 2113 2977 dentcs
2154 2923 2422 2988 spiritibus
2470 2921 2662 2974 erroris
2707 2931 2754 2974 et
2802 2921 3056 2974 doctrinis
3101 2921 3504 2984 dwmauiorum,

1933 3013 2323 3086 ἀρε-439
2355 3014 2408 3065 in
2442 3011 2704 3080 hypocrisi
2737 3011 3058 3079 loquentium
3094 3010 3426 3064 mendacium
3457 3020 3524 3064 et.

1935 3107 2278 3160 cauterintam
2306 3105 2605 3157 habentium
2628 3120 2778 3156 suam
2803 3103 3198 3166 conscientiam,
3223 3101 3506 3168 prohiben-

1935 3199 2066 3252 tium
2098 3199 2318 3256 nuberc.
2351 3199 2605 3251 abstinere
2632 3214 2664 3250 a
2692 3198 2817 3250 cibis
2836 3235 2852 3260 ,
2882 3213 3012 3265 quos
3042 3195 3184 3249 Deus
3215 3198 3402 3249 crearit
3434 3195 3504 3247 ad

1861 3304 1904 3363 ο
1936 3284 2324 3356 percipiendum
2355 3303 2472 3340 cum
2503 3291 2799 3357 gratiarum
2831 3289 3037 3342 actione
3064 3285 3316 3354 ﬁdelibus
3339 3296 3386 3339 et
3423 3287 3506 3339 his

1933 3380 2024 3451 qui
2058 3389 2405 3449 cognoverunt
2441 3380 2728 3442 veritatem,
2763 3379 2888 3447 quia
2921 3379 3090 3431 omnis
3127 3389 3372 3432 creatura
3410 3375 3508 3432 Dei

1935 3473 2069 3526 bona
2106 3481 2152 3525 et
2190 3469 2320 3523 nihil
2356 3470 2731 3538 rejiciendum,
2765 3470 2902 3539 quod
2939 3485 3055 3522 cum
3093 3469 3379 3538 gratiarum
3415 3486 3507 3524 ac-

1935 3563 2073 3616 tione
2105 3562 2389 3628 percipitur
2421 3572 2439 3610 .'
2469 3558 2835 3626 sanctiﬁcatur
2861 3560 2999 3612 enim
3034 3575 3127 3627 per
3159 3557 3377 3611 Verbum
3410 3558 3505 3613 Dei

1933 3664 1979 3706 et
2014 3655 2322 3707 oratiouna.
2361 3653 2553 3705 Idonea
2594 3652 2757 3719 igitur
2791 3651 2904 3704 haec
2938 3665 3036 3702 vox
3077 3651 3215 3702 beati
3254 3649 3398 3702 Pauli
3434 3648 3502 3702 ad

1936 3744 2247 3798 refutandus
2275 3758 2390 3802 eos.
2419 3745 2508 3810 qui
2539 3741 2604 3794 ad
2638 3741 2780 3794 hunc
2813 3737 3029 3792 modum
3061 3740 3220 3791 vitam
3254 3746 3422 3806 agunt
3446 3745 3504 3791 et

1924 3826 1991 3892 se
2016 3837 2192 3905 justas
2222 3835 2448 3902 iactant,
2483 3846 2538 3885 ut
2572 3833 2973 3883 demonstretur
3005 3830 3104 3882 hoc
3135 3842 3349 3896 quoque
3379 3841 3503 3880 esse

1933 3927 2184 3984 lueresin.
2221 3925 2315 3978 Sin
2349 3939 2476 3976 vero
2516 3933 2569 3975 et
2610 3923 2726 3976 aliae
2761 3923 3006 3989 quadam
3049 3919 3280 3971 haereses
3320 3913 3524 3984 appel?

1934 4023 2112 4075 lantur
2137 4018 2447 4076 Cainorum,
2474 4013 2788 4084 Ophitarum
2815 4011 2896 4067 vel
2925 4011 3311 4064 Noaeliitarum
3336 4017 3392 4062 et
3419 4023 3502 4060 re-

1935 4113 2200 4182 liquorum
2242 4107 2575 4178 lmjusmodi,
2615 4105 2754 4158 haud
2797 4101 3158 4158 necessarium
3203 4100 3340 4153 duco
3379 4113 3500 4166 quin

1932 4205 2000 4258 ah
2043 4204 2124 4255 eis
2162 4201 2304 4253 dicta
2342 4198 2424 4251 vel
2468 4197 2607 4250 facta
2651 4205 2776 4248 sunt
2820 4207 3116 4261 exponere,
3161 4205 3229 4245 ne
3274 4189 3496 4243 forsitan

1933 4295 2054 4348 ideo
2101 4300 2272 4346 semet
2321 4288 2528 4356 aliquos
2576 4285 2660 4339 vel
2709 4287 2872 4338 verho
2923 4285 3113 4352 dignos
3162 4281 3498 4336 existiment.

1933 4385 2197 4452 Quoniam
2233 4392 2412 4434 autent
2447 4388 2500 4433 et
2535 4394 2618 4442 ea,
2651 4393 2770 4446 qua:
2803 4378 2867 4428 ad
2907 4377 3003 4429 hos
3036 4375 3322 4443 pertinent,
3355 4369 3502 4425 solii-

1931 4490 2054 4530 cere
2094 4474 2364 4535 videntur,
2409 4481 2746 4523 transeamus
2788 4468 2854 4520 ad
2899 4481 3042 4530 eam,
3083 4479 3203 4533 qua:
3246 4462 3500 4516 omnibus

1934 4567 2195 4622 malorum
2221 4579 2384 4618 causa
2408 4562 2638 4626 exstitit,
2665 4560 3044 4614 Noetianorum
3075 4553 3326 4615 lueresin,
3349 4551 3498 4617 ejus-

256 4651 423 4718 αὐτῆς
453 4649 880 4717 ἀναπτύξαντες,
912 4653 1006 4705 καὶ
1025 4653 1114 4707 τὸν
1146 4653 1289 4707 ἔνδον
1321 4654 1449 4708 ὄντα
1478 4653 1554 4706 ίὸν
1587 4653 1630 4684 ¹⁶
1659 4669 1828 4720 φανεοο

1936 4675 2039 4729 que
2072 4659 2249 4712 radice
2277 4655 2528 4725 explicita
2559 4662 2612 4706 et
2639 4666 2864 4716 veneno,
2898 4651 3038 4718 quoi
3069 4648 3214 4702 intus
3242 4657 3348 4709 est,
3383 4657 3499 4697 ina-

257 4742 345 4811 ρον
370 4741 709 4811 ὲλέγξαντες,
746 4743 1045 4813 παύσωμεν
1062 4746 1157 4813 τῆς
1182 4746 1437 4814 τοιαύτης
1464 4744 1673 4814 πλάνης
1703 4743 1828 4806 τοὺς

1936 4751 2130 4802 nileste
2163 4747 2551 4812 demonstrato,
2587 4755 2934 4797 coerceamus
2969 4755 2997 4792 a
3035 4738 3125 4791 tali
3162 4750 3349 4791 errore
3381 4746 3496 4800 eos,

255 4838 631 4908 ἐπαγομένους
660 4839 700 4870 ¹⁷
725 4839 831 4893 ὑπὸ
862 4839 1168 4910 πνεύματος
1195 4839 1389 4912 βιαίου,
1417 4839 1574 4911 δίκην
1596 4839 1829 4910 χειμάρ-

1936 4841 2021 4910 qui
2056 4857 2084 4893 a
2117 4839 2349 4894 violento
2379 4837 2570 4906 spiritu
2606 4835 2774 4890 instar
2801 4832 3056 4888 torrentis
3083 4831 3373 4884 ducuntur.

2061 5258 2080 5287 ⁸
2116 5253 2547 5326 ὕδρο>ποτοῦντες
2579 5254 2638 5320 C,
2715 5255 2734 5284 "
2759 5251 3102 5326 προφητεύον
3129 5248 3238 5326 C_.__
3264 5249 3285 5281 ⁸
3351 5247 3484 5326 Tim.
3525 5243 3530 5248 ’

258 4932 349 5000 pou
380 4930 444 4986 ιε.

1527 5102 1760 5158 VARle
1802 5101 2206 5188 LECTIONES.

324 5262 346 5289 ⁸
366 5259 424 5312 δέ
446 5277 505 5313 τε
533 5259 592 5315 C.
673 5261 696 5292 ⁵
718 5261 841 5324 τοὺς
861 5293 928 5302 —
948 5277 1116 5330 κεκτη
1127 5261 1335 5330 μένους,
1375 5265 1731 5331 τοῖς-κεκτη
1743 5260 1904 5325 μένος
1923 5259 1983 5312 C.

261 5343 329 5390 tv,
361 5331 472 5384 l-5.
579 5332 600 5362 ’
624 5331 793 5398 λέγει.
828 5332 996 5398 λέγει,
1027 5333 1109 5385 ὅτι
1148 5333 1344 5386 Paulus
1376 5334 1412 5385 l.
1455 5333 1488 5384 1.

258 5400 492 5470 πίστεως
537 5401 679 5470 apud
716 5403 1023 5470 ()rigenent.

1104 5402 1141 5432 υ
1176 5403 1566 5471 προσελλέγχον
1599 5403 1660 5456 C.

259 5469 457 5522 καινῶν
488 5470 548 5523 C.

630 5472 673 5502 "
706 5471 738 5541 ἢ
768 5466 1130 5542 Νοχσιῖτῶν,ἣ
1165 5466 1544 5542 ΝοαχιτῶνΤῆ
1594 5470 1940 5542 Ἑνωχετῶνῖ
2016 5471 2059 5542 ’ξ
2083 5469 2234 5529 τινὰς
2251 5466 2512 5542 αὐτοὺςηῆ

1590 5334 1633 5364 ⁸ο
1669 5317 2019 5399 ὑγιαινούσης
2060 5317 2424 5387 διδασκαλίας.
2480 5317 2712 5399 πίστεως
2759 5317 2952 5399 Paulus
2981 5323 3014 5374 Ι.
3119 5338 3129 5371 :
3166 5317 3488 5399 ’ζῇς-ὑγιοῦς

1739 5403 1783 5434 ¹²
1819 5390 2189 5466 ὀνομάζονται.
2223 5397 2549 5466 ὠνομάζοντο
2581 5394 2646 5466 C,
2672 5390 3110 5466 tbvaudtgovtajl.

3193 5389 3234 5418 ”
3260 5387 3493 5440 Καῖνῶν.

2533 5465 2689 5531 λόγου
2721 5459 2904 5526 ἀξίους
2931 5461 3192 5531 ἡγῶνται.
3219 5459 3494 5531 nugas-

256 5539 377 5622 395‘;
397 5539 430 5622 ᾖ
458 5537 509 5591 λ.
539 5528 1343 5622 dt_.3‘,“7it;>uai'C,‘1tvs.;laurai};
1368 5528 2001 5622 ldyapldﬁiaugj‘ﬁxdwmt
2028 5528 2331 5622 Bunse‘nius
2358 5538 2407 5615 in
2438 5528 2753 5622 Hippolytus
2775 5536 2879 5622 and
2906 5528 2985 5583 his
3013 5547 3107 5622 ngf
3142 5529 3314 5622 Ιιοιιιέκ
3340 5528 3490 5581 ιὸΐίί.

256 5607 372 5660 τοι.
402 5607 442 5673 ι,

267 5745 443 5816 μάρου
467 5748 531 5806 C.

476 5625 530 5678 p.
568 5611 673 5665 585
705 5606 842 5672 nutu
872 5611 1016 5672 τινὸς
1045 5612 1242 5672 αὐτοὺς
1280 5606 1448 5678 λόγου
1489 5606 1671 5674 ἀξίους
1717 5606 1939 5680 ἡγῶμαι
1982 5625 2143 5680 susp.
2188 5606 2474 5680 Sauppius.

257 5678 416 5752 οἱονεὶ
451 5681 514 5752 (ξ,
548 5679 619 5735 Μ.
673 5686 760 5752 qui
816 5699 910 5752 pro
943 5681 1104 5736 οἱονεὶ
1125 5697 1271 5750 susp.
1321 5682 1465 5751 ὅφιν,
1513 5685 1626 5736 sive
1669 5678 1853 5752 potius
1882 5683 1978 5734 ἰόν.

2588 5599 2814 5656 ιϐ’ἔνδον
2851 5602 2978 5654 ὄντα
3049 5601 3142 5653 ίόν.
3200 5599 3478 5652 ἐνδύνοντα

2056 5669 2095 5710 ιθ
2131 5669 2522 5746 ἐπαγομένους.
2556 5673 2954 5744 ἀπαγομένους.
2993 5672 3134 5741 Cuuj.
3169 5669 3236 5726 Μ.
3314 5672 3358 5708 ⁸⁸
3380 5686 3492 5741 χει·
