4124 6510
278 505 421 573 3383

1379 498 1679 561 CONTRA
1707 495 2083 557 ‘HIERESES
2116 492 2265 556 LIB.
2307 494 2410 555 IX.

3402 498 3543 563 3384

282 623 571 695 σϐυτέρῳ,
603 620 661 686 δς
705 616 889 673 λαϐὼν
931 613 1246 671 διέπλευσεν
1288 614 1370 677 εἰς
1402 614 1503 685 τὴν
1543 610 1857 683 Σαρδονίαν,

1964 608 2220 680 plicabat,
2252 616 2309 663 ut
2336 617 2390 664 et
2422 607 2537 679 ipsc
2567 606 2940 665 dimissionem
2972 609 3278 682 acciperet.
3307 611 3543 685 Hyacin-

280 720 377 773 καὶ
404 712 640 779 ἀποδοὺς
678 713 757 785 τῷ
786 712 908 765 κατ’
955 710 1133 762 έκεῖνο
1162 704 1355 776 καιροῦ
1381 708 1481 776 τῆς
1520 706 1704 775 χώρας
1746 706 1867 757 ἐπι-

277 806 607 880 τροπεύοντι
653 802 894 857 ἀπέλυσε
933 799 1061 863 τοὺς
1110 798 1397 869 μάρτυρας
1423 795 1562 867 πλὴν
1594 794 1687 848 τοῦ
1721 794 1866 848 Καλ-

278 897 491 951 λίστου.
538 894 597 948 '0
638 894 697 948 δὲ
721 889 1036 962 γονυπετῶν
1087 888 1182 941 καὶ
1213 886 1464 958 δακρύων
1504 885 1720 938 ἱκέτευε
1772 884 1868 938 καὶ

278 988 447 1051 αὐτὸς
478 987 660 1057 τυχεῖν
689 981 1025 1043 ἀπολύσεως.
1070 978 1423 1048 Δυσωπηθεὶς
1451 972 1544 1030 οῦν
1575 978 1604 1029 6
1642 975 1865 1028 Ὑάκιν-

276 1080 374 1142 Θος
404 1077 546 1144 ἀξιοί
566 1074 658 1129 τὸν
684 1073 980 1144 ἐπίτροπον
1000 1069 1144 1135 ⁸⁷...,
1169 1070 1393 1138 φάσκων
1424 1066 1629 1138 θρέψας
1650 1064 1699 1098 ⁸⁸
1723 1060 1864 1118 εἶναι

278 1168 574 1240 Μαρκίας,
619 1166 952 1236 τασσόμενος
974 1163 1019 1196 θ’
1066 1160 1216 1231 αὑτῷ
1272 1159 1332 1212 τὸ
1381 1158 1684 1212 ἁκίνδυνον’
1739 1157 1769 1209 6
1810 1156 1867 1209 δὲ

281 1262 529 1326 πεισθεὶς
570 1260 811 1315 ἀπέλυσε
849 1257 945 1310 καὶ
974 1256 1065 1308 τὸν
1094 1253 1413 1308 Κάλλιστον.
1449 1245 1524 1305 Οῦ
1556 1264 1865 1320 παραγενο-

284 1355 503 1429 μένουνό
530 1354 779 1422 Οῦῖκτωρ
810 1350 950 1403 πάνυ
984 1347 1180 1419 ἤχθετο
1209 1346 1301 1398 ἐπὶ
1343 1342 1421 1405 τῶ
1448 1342 1718 1411 γεγονότι,
1746 1334 1865 1395 ἀλλ’

280 1447 407 1500 ἐπεὶ
435 1443 809 1512 εὔσπλαγχνος
837 1435 927 1511 ἦν,
954 1437 1199 1509 ἡσύχασε
1218 1452 1234 1467 ο
1263 1433 1672 1505 φυλασσόμενος
1695 1432 1750 1486 δὲ
1775 1433 1865 1484 τὸν

275 1539 385 1593 ὑπὸ
415 1536 628 1591 πολλῶν
662 1534 867 1588 δνειδον
892 1532 939 1564 ⁸⁸
966 1531 1049 1602 (οὐ
1074 1530 1184 1600 γὰρ
1205 1525 1273 1601 ἦν
1300 1527 1517 1599 μακρὰν
1547 1526 1617 1580 τὰ
1643 1525 1737 1579 ὑπ’
1763 1525 1863 1579 αῦ-

277 1628 377 1683 τοῦ
406 1624 850 1698 τετολμημένα),
880 1622 962 1676 ἔτι
996 1622 1053 1675 δὲ
1082 1621 1177 1675 καὶ
1203 1619 1299 1674 τοῦ
1322 1617 1689 1691 Καρποφόρου
1714 1618 1863 1671 ἀντι-

278 1722 608 1783 πίπτοντος,
639 1719 848 1789 πέμπει
896 1714 1058 1770 αὐτὸν
1086 1714 1418 1785 καταμένειν
1444 1714 1502 1766 ἐν
1541 1711 1761 1782 Ἀνθείῳ
1792 1712 1860 1776 ’⁸,

282 1814 474 1888 ὁρίσας
518 1810 668 1881 αὐτῷ
699 1808 948 1881 μηνιαίὁν
990 1825 1044 1860 τι
1073 1807 1344 1877 ἐκτροφῆς
1370 1807 1437 1860 ⁸³.
1488 1804 1626 1860 Μεθ’
1652 1799 1714 1859 οῦ
1746 1804 1861 1857 κοίη

285 1920 452 1978 μησιν
472 1906 541 1937 ’³⁸
563 1906 859 1976 Ζεφυρῖνος
887 1900 1264 1972 συναράμενον
1287 1900 1333 1932 ⁸³
1358 1898 1522 1953 αὑτὸν
1545 1898 1691 1969 σχὼν
1723 1898 1861 1969 πρὸς

278 2000 379 2069 τὴν
397 1997 730 2053 κατάστασιν
745 1996 793 2029 ⁸⁸
810 1994 904 2050 τοῦ
928 1995 1154 2065 κλήρου,
1178 1992 1407 2063 ἐτίμησε
1430 1991 1510 2063 τῷ
1537 1991 1651 2060 ίδίῳ
1673 1990 1851 2061 κακῷ,

278 2082 376 2141 καὶ
404 2086 593 2141 τοῦτον
637 2084 965 2158 μεταγαγὼν
994 2085 1102 2138 ἀπὸ
1132 2083 1227 2137 τοῦ
1276 2082 1519 2137 Ἀνθείου
1552 2084 1633 2145 είς
1653 2082 1715 2136 τὸ
1741 2099 1855 2135 κοι-

280 2181 555 2253 μητήριον
581 2180 941 2250 κατέστησεν.
964 2173 1038 2248 '9
1056 2177 1142 2231 ἀεὶ
1170 2175 1343 2230 συνὼν
1362 2176 1479 2239 καὶ,
1511 2174 1695 2239 καθὼς
1722 2174 1859 2244 φθά-

280 2289 383 2336 σας
416 2275 701 2343 προεῖπον,
736 2270 1023 2342 ὑποκρίσει
1068 2269 1231 2323 αὺτὸν
1273 2266 1617 2340 θεραπεύων,
1653 2267 1858 2337 ἐξηφα-

276 2384 395 2421 νισε
416 2367 464 2398 ’⁸
521 2367 658 2437 μήτε
708 2366 892 2436 κρῖναι
924 2364 994 2417 τὰ
1043 2362 1315 2433 λεγόμενα
1364 2361 1664 2431 δυνάμενον
1720 2361 1856 2431 μήτε

277 2458 505 2512 νοοῦντα
534 2458 635 2528 τὴν
674 2455 769 2511 τοῦ
808 2454 1114 2509 Καλλίστου
1142 2453 1455 2525 ἐπιϐουλὴν,
1502 2453 1680 2506 πάντα
1710 2450 1859 2522 αὐτῷ

277 2552 420 2626 πρὸς
444 2550 480 2605 ἃ
511 2550 668 2623 ἥδετο
697 2546 1034 2621 ὁμιλοῦντος.
1077 2545 1233 2601 Οῦτω
1278 2545 1417 2617 μετὰ
1438 2545 1539 2616 τὴν
1564 2543 1660 2598 τοῦ
1686 2547 1861 2613 Ζεφυ-

282 2643 430 2713 ρίνου
455 2640 711 2711 τελευτὴν
740 2640 976 2712 νομίζων
999 2658 1126 2695 τετυ
1158 2640 1167 2711 Ι
1200 2639 1432 2712 χηκέναι
1477 2635 1539 2696 οῦ
1578 2640 1815 2712 ἐθηρᾶτο
1839 2681 1855 2706 ,

276 2733 374 2785 τὸν
420 2731 707 2787 Σαϐέλλιον
738 2732 990 2786 ἀπέωσεν
1020 2730 1097 2793 ὡς
1127 2730 1201 2801 μὴ
1245 2730 1545 2801 φρονοῦντα
1578 2731 1753 2802 ὀρθῶς
1776 2731 1855 2785 δε-

276 2826 475 2890 δοικὼς
510 2826 608 2897 ἐμὲ
652 2827 747 2880 καὶ
783 2825 1024 2898 νομίζων
1054 2823 1200 2878 οῦτω
1229 2824 1492 2878 δύνασθαι
1545 2826 1856 2897 ἀποτρίψα-

281 2918 410 2973 σθαι
450 2918 548 2990 τὴν
583 2918 719 2988 πρὸς
759 2917 858 2981 τὰς
910 2916 1237 2989 Ἐκκλησίας
1277 2917 1632 2989 κατηγορίαν,
1661 2919 1738 2984 ὡς
1782 2920 1859 2993 μὴ

279 3010 578 3083 ἀλλοτρίως
612 3010 846 3081 φρονῶν.
872 3005 980 3063 Ἦν
1005 3005 1099 3062 οῦν
1124 3009 1257 3080 γόης
1291 3010 1387 3063 καὶ
1431 3009 1742 3082 πανοῦργος
1763 3013 1859 3066 καὶ

280 3104 375 3157 ἐπὶ
415 3103 590 3174 χρόνῳ
632 3103 949 3173 συνήρπασε
1001 3100 1251 3165 πολλοῦς.
1297 3102 1480 3173 Ἔχων
1526 3104 1585 3156 δὲ
1629 3106 1724 3157 καὶ
1768 3104 1858 3159 τὸν

284 3196 365 3249 ἰὸν
404 3195 721 3265 ἐγκείμενον
748 3197 804 3248 ἐν
849 3198 915 3264 τῇ
964 3193 1164 3265 καρδίᾳ
1187 3233 1202 3257 ,
1237 3196 1333 3248 καὶ
1382 3195 1584 3258 εὐθέως
1610 3197 1656 3227 ’⁸
1693 3197 1857 3268 μηδὲν

1970 701 2096 756 tltus
2133 700 2297 770 igitur
2331 700 2580 770 precibus
2630 711 2930 756 commotus
2971 702 3206 772 postulat
3245 714 3304 759 ut
3346 720 3544 774 praeses

1968 790 2112 865 [eum
2141 791 2422 864 dimittat],
2454 794 2711 850 dictitans
2759 810 2819 850 se
2864 794 3087 852 altorem
3140 812 3259 854 esse
3307 798 3542 868 Marcim,

1967 886 2230 953 stipulaus
2258 886 2305 940 ei
2345 886 2736 953 securitatem;
2781 887 2870 943 ille
2919 898 3095 943 autem
3134 905 3423 960 persuasus
3461 894 3546 947 di-

1966 977 2114 1032 misit
2154 988 2208 1032 et
2242 978 2550 1033 Callistum.
2597 978 2700 1045 Qui
2743 995 2865 1034 cum
2917 981 3149 1047 adesset,
3200 984 3387 1040 Victor
3430 1003 3545 1041 mo-

1967 1066 2256 1122 lestissime
2286 1067 2489 1123 ferebat
2520 1084 2638 1139 quae
2684 1070 2820 1125 facta
2861 1082 3036 1138 erant,
3063 1076 3314 1142 quoniam
3363 1088 3543 1132 autem

1968 1159 2279 1215 misericors
2326 1171 2464 1225 erat,
2510 1163 2750 1230 quietum
2804 1178 2865 1219 se
2906 1167 3124 1234 tenuit;
3175 1184 3367 1223 carens
3413 1186 3544 1225 vero

1966 1253 2165 1323 probra
2193 1268 2222 1305 a
2255 1253 2439 1309 multis
2469 1254 2716 1310 facienda
2749 1258 2878 1323 (non
2903 1257 3047 1312 enim
3072 1258 3229 1330 longo
3259 1262 3544 1317 intervallo

1967 1342 2195 1397 aberant
2218 1343 2335 1413 ejus
2366 1345 2638 1415 conatus),
2670 1360 2792 1401 cum
2831 1347 2995 1402 etiam
3042 1346 3423 1419 Carpophorns
3447 1353 3544 1405 ad-

1966 1445 2297 1499 versaretur,
2333 1434 2558 1490 dimittit
2589 1450 2713 1490 eum
2760 1450 3219 1495 commoraturum
3249 1442 3415 1507 Antii,
3444 1443 3541 1497 tle-

1967 1526 2118 1581 liuito
2143 1527 2191 1581 ei
2218 1539 2494 1583 menstruo
2525 1529 2704 1599 aliquo
2728 1531 2794 1584 ad
2826 1531 3050 1587 victum.
3086 1532 3251 1600 Cujus
3300 1544 3421 1604 post
3442 1537 3543 1590 ob-

1966 1619 2100 1674 itum
2144 1618 2506 1691 Zepbyrinus,
2553 1632 2875 1679 consecutus
2923 1638 3048 1679 eum
3110 1625 3315 1681 socium
3337 1637 3392 1682 et
3436 1629 3541 1683 mi-

1965 1713 2193 1767 nistrum
2224 1716 2291 1767 ad
2316 1714 2715 1782 reprimendum
2745 1714 2968 1782 clerum,
3007 1720 3221 1773 ornavit
3267 1734 3388 1775 eum
3443 1739 3543 1776 suo

1962 1802 2182 1869 damno,
2206 1812 2261 1858 et
2289 1802 2453 1857 Antio
2480 1804 2782 1859 traductum
2815 1805 2869 1860 in
2896 1809 3208 1865 cmmeterio
3238 1812 3539 1867 constituit.

1962 1893 2059 1950 Cui
2090 1910 2209 1950 cum
2237 1909 2451 1965 semper
2477 1897 2711 1963 adesset,
2742 1907 2799 1952 et
2823 1897 2980 1953 sicuti
3013 1902 3170 1957 modo
3217 1914 3374 1959 antea
3406 1906 3541 1970 dixi,

1960 1989 2211 2044 simulate
2266 2005 2388 2045 eum
2428 1990 2652 2057 coleret,
2706 1992 2939 2060 perdidit
2994 1994 3187 2060 virum,
3234 1998 3325 2065 qui
3371 2014 3544 2067 neque

1959 2081 2101 2136 dicta
2142 2081 2391 2152 judicare
2416 2092 2653 2153 poterat,
2688 2098 2862 2154 neque
2892 2085 3102 2142 Callisti
3150 2089 3374 2144 insidias
3419 2106 3543 2146 svn-

1960 2173 2149 2239 tiebat,
2185 2174 2384 2246 quippe
2430 2175 2521 2246 qui
2570 2176 2752 2231 omnia
2804 2192 2927 2233 cum
2988 2194 3054 2232 eo
3113 2181 3540 2249 colloqueltatur,

1957 2282 2080 2336 qua:
2136 2266 2210 2321 illi
2261 2276 2414 2337 grata
2457 2275 2634 2322 erant.
2682 2265 2774 2324 Sic
2830 2279 2950 2339 post
2992 2270 3284 2344 Zepltyrini
3336 2276 3542 2331 obitum

1959 2359 2253 2412 arbitratus
2290 2372 2352 2412 se
2386 2360 2512 2412 esse
2546 2367 2763 2413 nactum
2816 2359 2961 2428 quod
2999 2364 3313 2429 venabatur,
3351 2365 3545 2419 Sabel-

1959 2448 2087 2503 limu
2126 2449 2377 2513 extrusit,
2414 2458 2601 2520 utpote
2630 2465 2737 2505 non
2780 2462 2923 2507 recte
2970 2454 3315 2520 sentientem,
3348 2458 3544 2513 timens

1959 2556 2046 2595 me
2077 2551 2134 2596 et
2165 2542 2436 2598 arbitrans
2460 2558 2520 2598 se
2546 2544 2597 2598 in
2626 2545 2769 2600 hunc
2801 2544 3019 2599 modum
3042 2548 3355 2617 abstergere
3385 2565 3545 2621 posse

1958 2636 2388 2691 criminationem
2419 2640 2561 2707 apud
2595 2636 3056 2709 Ecclesias,quasi
3090 2655 3193 2695 non
3224 2642 3397 2697 aliena
3419 2659 3544 2699 seu-

1959 2729 2077 2785 tiat.
2107 2729 2242 2784 Erat
2264 2730 2427 2798 igitur
2453 2730 2811 2801 praestigiator
2854 2741 2904 2786 et
2954 2732 3024 2787 ad
3066 2733 3308 2789 fraudem
3353 2748 3545 2793 acutus

1958 2832 2015 2880 et
2039 2829 2285 2893 tempore
2309 2823 2637 2894 procedente
2666 2824 2866 2880 multos
2910 2838 3094 2880 secum
3119 2826 3374 2895 abripuit.
3404 2825 3541 2883 Cum

1959 2922 2141 2970 autem
2167 2924 2221 2970 et
2252 2916 2406 2971 virus
2432 2916 2583 2971 cordi
2616 2916 2837 2971 insitum
2862 2918 3089 2973 haberet
3119 2919 3363 2991 nihilque
3396 2932 3543 2977 recte

1959 3008 2212 3074 sentiret,
2243 3008 2404 3064 simul
2440 3022 2569 3064 vero
2597 3009 2761 3064 etiam
2801 3011 3262 3067 verecuttdaretnr
3292 3028 3419 3069 vera
3456 3017 3543 3069 di-

1958 3116 2102 3166 cere,
2129 3110 2408 3171 propterea
2430 3101 2572 3170 quod
2603 3117 2784 3157 coram
2815 3104 3012 3174 popqu
3049 3106 3202 3161 nobis
3231 3109 3544 3163 convicians

1961 3189 2171 3244 dicebat
2200 3202 2214 3242 :
2239 3186 2597 3260 $58-$59
2631 3190 2792 3244 dilhei
2827 3193 2973 3257 estis,
3011 3208 3196 3249 verum
3236 3196 3399 3250 etiam
3428 3213 3550 3266 pro-
3601 3262 3617 3273 γ

282 3288 516 3361 φρενῶν,
557 3287 673 3358 ἅμα
718 3288 775 3340 δὲ
816 3288 911 3341 καὶ
956 3286 1271 3357 αἰδούμενος
1310 3288 1378 3342 τὰ
1432 3288 1606 3359 ἀληθῆ
1655 3288 1855 3357 λέγειν,

1962 3290 2143 3351 pterea
2170 3283 2313 3352 quod
2336 3299 2364 3335 a
2397 3282 2632 3337 Sabellio
2653 3284 2996 3339 continenter
3024 3288 3404 3354 accusabatur,
3433 3300 3546 3346 tan-

277 3380 371 3433 διὰ
415 3382 474 3433 τὸ
505 3380 744 3450 δημοσίᾳ
776 3381 906 3449 ἡμῖν
947 3378 1276 3443 ὀνειδίζοντα
1320 3378 1399 3452 [p.
1437 3380 1564 3434 289.
1613 3378 1741 3451 290]
1777 3381 1856 3432 εί-

282 3476 435 3527 πεῖν·
469 3474 660 3527 Δίθεοι
698 3472 857 3526 ἐστε·
889 3472 1025 3527 ἀλλὰ
1063 3478 1156 3526 καὶ
1183 3472 1272 3525 διὰ
1303 3472 1363 3526 τὸ
1390 3473 1494 3525 ὑπὸ
1527 3472 1622 3526 τοῦ
1657 3472 1857 3525 Σαϐελ-

278 3565 398 3619 λίου
449 3564 659 3635 συχνῶς
700 3564 1124 3636 κατηγορεῖσθαι
1172 3564 1248 3629 ὠς
1297 3564 1622 3635 παραϐάντα
1661 3564 1707 3595 ’⁷
1759 3564 1857 3635 τὴν

278 3660 507 3733 πρώτην
536 3660 741 3726 πίστιν,
784 3658 1013 3729 ἐφεῦρεν
1039 3658 1251 3730 αἵρεσιν
1282 3658 1491 3711 τοιάνδε
1512 3698 1526 3723 ,
1557 3657 1730 3726 λέγων
1764 3657 1856 3711 τὸν

277 3752 454 3821 Λόγον
482 3751 645 3805 αὑτὸν
674 3746 816 3804 εἶναι
859 3750 1010 3814 Υίὸν,
1048 3750 1212 3803 αὐτὸν
1256 3750 1350 3803 καὶ
1380 3749 1600 3820 Πατέρα
1630 3748 1853 3819 ὀνόματι

282 3848 386 3918 μὲν
421 3845 750 3917 καλούμενον
770 3845 839 3910 ³⁵,
872 3843 930 3896 ἓν
951 3843 1009 3896 δὲ
1036 3843 1093 3896 ὃν
1118 3844 1178 3895 τὸ
1201 3842 1247 3875 ⁹⁹
1276 3841 1499 3912 Πνεῦμα
1523 3841 1852 3912 ἀδιαίρετον·

278 3942 383 3995 οῦκ
421 3939 548 3994 ἄλλο
572 3941 588 3971 ¹
623 3927 761 3992 εἶναι
792 3937 1009 4009 Πατέρα
1032 3976 1047 3999 ,
1078 3936 1208 3991 ἄλλο
1233 3936 1290 3990 δὲ
1322 3935 1473 4000 Υίδν,
1508 3934 1565 3987 ἓν
1592 3933 1649 3986 δὲ
1678 3932 1856 3987 καὶτὸ

278 4034 418 4090 αὐτὸ
439 4032 723 4104 ὑπάρχειν*
750 4032 844 4085 καὶ
865 4032 933 4083 τὰ
956 4029 1130 4083 πάντα
1147 4029 1337 4099 γέμειν
1354 4031 1373 4059 ³
1400 4027 1493 4081 τοῦ
1518 4026 1663 4080 θείου
1688 4026 1855 4082 Πνεῦ-

282 4143 457 4199 ματος
484 4125 554 4178 τά
584 4141 644 4176 τε
675 4123 787 4177 ἄνω
811 4124 903 4177 καλ⁵
940 4122 1108 4177 κάτω·
1140 4123 1237 4177 καλ⁸
1265 4117 1401 4175 εἶναι
1434 4121 1493 4173 τὸ
1522 4123 1579 4174 ὲν
1610 4123 1676 4192 τῇ
1702 4122 1851 4190 Παρ-

278 4218 424 4289 θένῳ
444 4216 724 4289 σαρκωθὲν
752 4213 976 4285 Πνεῦμα
994 4214 1092 4284 οὐχ
1111 4213 1197 4266 ἓτε
1208 4230 1297 4285 ρον
1318 4212 1469 4283 παρὰ
1491 4211 1583 4265 τὸν
1611 4212 1850 4282 Πατέρα,

277 4308 421 4363 ἀλλὰ
448 4307 506 4360 ἓν
544 4309 639 4360 καλ⁸
672 4306 733 4360 τὺ
761 4305 912 4359 αὑτό.
945 4305 1054 4357 Καὶ
1082 4305 1239 4357 τοῦτο
1268 4299 1406 4357 εἶναι
1444 4303 1506 4357 τὸ
1538 4305 1850 4376 εἰρημένον

279 4402 367 4453 Οὐ
400 4397 704 4462 πιστεύεις
730 4397 750 4428 ³
785 4396 873 4450 ὅτι
898 4396 1013 4466 ἐγὼ
1044 4396 1113 4449 ἐν
1144 4394 1224 4461 τῷ
1246 4396 1428 4464 llath
1450 4395 1549 4450 καὶ
1584 4399 1617 4450 ό
1649 4397 1853 4468 Πατὴρ

272 4492 348 4544 ἐν
368 4491 528 4559 ego];
555 4487 629 4541 T6
660 4487 757 4559 μὲν
786 4486 895 4558 γὰρ
920 4487 1270 4561 βλεπόμενον,
1297 4489 1435 4559 ὅπερ
1462 4489 1611 4542 ἐστὶν
1643 4489 1853 4561 ἄνθρω-

276 4605 403 4653 πος,
433 4586 590 4640 τοῦτο
633 4581 771 4639 εἶναι
797 4585 890 4640 τδν
920 4586 1070 4650 Υίὸν,
1098 4584 1161 4637 τὸ
1189 4584 1247 4638 δὲ
1272 4586 1330 4639 ἐν
1355 4583 1434 4655 τῷ
1462 4583 1578 4655 Υίῷ
1606 4583 1853 4656 χωρηθὲν

277 4680 508 4752 Πνεῦμα
531 4679 690 4734 τοῦτο
715 4674 856 4733 εἶναι
876 4678 965 4732 τὸν
1001 4676 1240 4747 Πατέραο
1261 4677 1336 4731 Οὐ
1365 4677 1497 4749 γὰρ,
1531 4678 1718 4749 φησὶν,
1741 4676 1852 4749 ἐρῶ

1558 4831 1801 4891 νΑιιιΑιῑ
1832 4832 2130 4889 LECTION
2138 4833 2241 4891 ES.

1963 3390 2123 3444 quam
2172 3376 2398 3443 primam
2475 3376 2632 3431 ﬁdem
2684 3377 3016 3446 migraverit,
3055 3380 3331 3438 atlinveuit
3381 3386 3543 3441 talem

1963 3468 2251 3536 quamdam
2304 3468 2556 3534 haeresin,
2609 3470 2794 3525 dicens
2845 3472 3049 3543 Logum
3101 3475 3273 3545 ipsum
3299 3493 3419 3534 esse
3449 3479 3545 3534 Fi-

1961 3559 2114 3626 lium,
2144 3562 2392 3616 eumdem
2418 3563 2581 3616 etiam
2608 3562 2821 3619 Patrem
2870 3567 3088 3622 nomine
3130 3570 3348 3636 quidem
3385 3587 3542 3626 voca-

1965 3661 2099 3717 tum,
2124 3669 2309 3708 revera
2341 3664 2519 3709 autem
2547 3672 2711 3709 unum
2761 3670 2884 3712 esse
2914 3659 3173 3728 Spiritqu
3202 3662 3488 3720 iudivisum
3519 3682 3534 3728 :

1964 3758 2069 3798 non
2104 3744 2247 3799 aliud
2280 3760 2401 3800 esse
2431 3745 2670 3813 Patrem,
2707 3749 2848 3803 aliud
2896 3749 3116 3816 Filium,
3157 3756 3251 3808 sed
3290 3771 3454 3810 unum
3487 3774 3543 3815 et

1963 3835 2103 3891 idem
2130 3851 2271 3902 esse,
2296 3837 2584 3907 omniaque
2630 3854 2752 3895 esse
2788 3840 2985 3909 repleta
3020 3843 3204 3898 diviuo
3252 3845 3454 3916 Spititu
3487 3862 3543 3905 et

1962 3930 2244 3999 superiora
2264 3939 2320 3984 et
2344 3929 2628 3996 inferiora,
2655 3932 3027 4005 Spiritutnque
3058 3937 3108 3990 in
3126 3937 3347 4009 Virgine
3376 3957 3543 3998 carne

1963 4021 2208 4077 indutum
2253 4037 2360 4077 non
2391 4037 2513 4079 esse
2558 4024 2702 4080 aliud
2734 4034 2896 4097 atque
2945 4026 3183 4096 Patrem,
3226 4034 3319 4087 sed
3371 4051 3537 4091 unttnt

1958 4114 2227 4185 idemque.
2276 4116 2342 4170 Et
2390 4118 2494 4172 boc
2548 4130 2669 4173 esse
2716 4118 2772 4172 id
2817 4120 2958 4189 quod
3012 4122 3213 4178 dictum
3246 4136 3373 4181 est:
3416 4128 3541 4183 Non

1959 4208 2129 4263 credis
2151 4210 2277 4279 quia
2303 4225 2395 4280 ego
2432 4210 2490 4263 in
2516 4208 2679 4266 Patre
2716 4224 2763 4265 et
2793 4209 2956 4265 Pater
2982 4215 3037 4267 in
3069 4231 3147 4269 me
3178 4221 3291 4275 est?
3319 4220 3542 4276 Visibde

1961 4303 2126 4370 enim,
2149 4302 2291 4373 quod
2319 4303 2535 4373 quidem
2562 4314 2645 4358 est
2675 4305 2856 4369 homo,
2888 4305 3078 4361 Filium
3104 4324 3244 4373 esse,
3275 4314 3536 4384 Spiritum

1962 4406 2165 4465 autem,
2206 4397 2296 4466 qui
2341 4397 2391 4450 in
2426 4396 2617 4451 Filium
2669 4400 2916 4466 cesserit,
2965 4416 3085 4456 esse
3130 4402 3381 4473 Patrem;
3437 4426 3541 4465 tmtt

1961 4490 2126 4555 enim,
2154 4491 2348 4560 inquit,
2374 4490 2664 4560 proﬁtebor
2685 4490 2819 4546 duos
2842 4492 2989 4561 deos,
3006 4493 3216 4550 Patrem
3246 4509 3301 4552 et
3320 4496 3537 4565 Filium,

1959 4585 2053 4639 sed
2085 4600 2274 4639 unum.
2329 4585 2489 4640 Pater
2535 4586 2705 4652 enim,
2740 4588 2831 4655 qui
2871 4588 2921 4640 iu
2955 4602 3021 4640 eo
3057 4590 3282 4653 exstitit,
3317 4605 3539 4646 carnem

1960 4687 2243 4750 postquam
2284 4679 2600 4749 assumpsit,
2630 4680 2901 4735 deiﬁcavit
2950 4680 3052 4736 sibi
3084 4684 3289 4737 unitum
3328 4693 3382 4738 et
3413 4685 3540 4740 fecit

3164 4864 3205 4945 ἠ

380 5000 425 5031 ⁸⁷
461 4999 588 5054 Post
635 4996 925 5069 ἐπίτροπον
954 4998 1205 5069 la_c_unat_n
1253 4993 1625 5069 signavintus:
1658 4992 1953 5069 ἐπίτροπον
1980 4993 2237 5069 ἀπολύειν
2267 4993 2568 5069 Πηιιςεηίιιδ
2608 5007 2765 5069 antea
2806 4999 2863 5052 in
2899 5014 2985 5065 ep.
3022 4998 3091 5054 ad
3152 4998 3371 5069 Harium
3406 5000 3536 5057 data

273 5069 739 5139 (Hippolgtmrattd
763 5064 846 5139 'Itis
878 5084 973 5138 age
1000 5065 1200 5139 vol._l,
1227 5082 1287 5139 p._
1314 5064 1423 5119 392
1468 5065 1603 5139 not.)
1641 5081 1654 5118 :
1701 5064 2019 5139 ἀπολῦσεως
2081 5064 2380 5139 Buttsenius
2438 5074 2621 5139 postea
2683 5066 2738 5122 in
2793 5064 3055 5139 Analecta
3116 5068 3533 5125 Ante-Nicama.

271 5134 322 5175 ⁸³
350 5134 577 5210 θρέψας.
610 5138 666 5193 In
692 5138 899 5210 θρέψας
913 5134 1241 5193 'vocabulum'
1276 5136 1443 5190 latere
1477 5134 1692 5210 videtur
1722 5135 2040 5210 signiﬁcans
2090 5135 2474 5210 negligentiam

777 5203 1027 5279 eoperus,
1056 5221 1294 5279 quocum
1321 5204 1684 5279 consentiunt
1722 5204 1789 5259 ll.
1836 5203 2057 5279 Scottus
2099 5203 2297 5279 collato
2335 5203 2612 5279 vocabulo
2647 5210 2675 5261 6
2702 5203 2927 5279 τρέσας.
2956 5203 3020 5263 et
3051 5203 3531 5277 'B-insenius,’qui

275 5209 456 5280 φύσας
489 5209 694 5276 genitor

273 5274 439 5336 antea
478 5274 531 5333 in
561 5293 647 5345 ep.
686 5278 753 5333 ad
786 5274 1004 5333 [larium
1036 5274 1162 5334 data
1210 5276 1521 5349 conjecerat
1569 5274 1807 5349 {addition
1845 5274 2048 5349 eautq)_
2065 5275 2163 5343 μὲν
2191 5274 2349 5349 τοῦτο
2392 5276 2687 5348 ἐπιτρέψαι
2730 5274 3007 5349 Μαρκίαν.

2528 5136 2621 5211 (_un
2659 5139 2860 5211 publi).
2894 5138 2969 5205 Μ,
3015 5138 3221 5211 θρέψας
3271 5143 3428 5205 altor,
3470 5148 3534 5197 ut

3110 5282 3153 5311 "
3193 5280 3531 5349 τασσόμενος

272 5350 426 5420 αὐτῷ
449 5349 511 5402 τὸ
540 5350 840 5402 ἀκίνδυνον.
859 5349 918 5402 τὸ
936 5349 1290 5416 τασσόμενον,
1309 5345 1457 5414 αὑτῷ
1480 5345 1535 5399 δὲ
1552 5345 1689 5401 εἶναι
1715 5345 1993 5399 ἀκίνδυνον
2018 5345 2323 5401 Bunsenius
2350 5355 2509 5401 antea
2527 5345 2568 5403 'l.
2601 5345 2663 5410 l.,
2693 5366 2735 5401 π
2775 5345 3043 5420 αξομένης
3070 5351 3175 5419 (ιρι
3200 5345 3528 5419 ταξομζένης)

272 5422 426 5472 αὑτῶ
458 5419 520 5472 τὸ
549 5420 831 5472 ἀκίνδυνον
858 5418 1161 5472 Bunsenius
1192 5426 1378 5472 postea
1408 5416 1503 5470 1.1.
1578 5419 1625 5451 ’°
1651 5416 1742 5469 τὸν
1778 5446 1845 5457 -
1874 5415 2093 5470 ὅνειδον.
2114 5417 2175 5470 τὸ
2205 5444 2277 5456 -
2308 5416 2551 5472 ϐνειδοςῖ
2621 5419 2666 5451 ’¹
2706 5366 2950 5472 ’Χνθείω
2982 5422 3135 5472 Apud
3172 5419 3360 5472 Stettlt.
3400 5419 3528 5472 sz.

272 5415 426 5486 αὑτῷ
458 5419 520 5473 τὸ
549 5420 831 5473 ἀκίνδυνον
858 5415 1161 5473 Bunsenius
1192 5426 1378 5486 postea
1408 5416 1503 5470 1.1.
1578 5419 1625 5451 ’°
1651 5416 1742 5469 τὸν
1778 5446 1845 5457 -
1874 5415 2093 5470 ὅνειδον.
2114 5417 2175 5470 τὸ
2205 5444 2277 5456 -
2308 5416 2551 5482 δνειδοςῖ
2621 5419 2642 5450 ⁸

2769 5419 2950 5491 νθείῳ.
2982 5422 3135 5488 Apud
3172 5419 3379 5491 Steplt._
3400 5419 3529 5490 Byz.

275 5475 577 5577 ἰλνρεια-
603 5489 718 5577 ςστι
747 5491 842 5544 καὶ
880 5475 1362 5577 ’ἰταλξαςῐξιῗώμης
1401 5486 1653 5577 πλησίον,
1697 5487 1835 5571 ᾕτις.
1878 5490 1973 5577 κερ
2002 5488 2215 5577 Ἄκτιον
2246 5475 2663 5577 μετωνομάσθη.
2740 5475 3122 5577 ’ξὲκτροφῇςη
3151 5475 3411 5577 ἐκτροφῖὶς
3442 5475 3527 5572 pr.

270 5564 316 5619 C
344 5603 356 5618 .
394 5561 665 5632 ἑκτροφάς
707 5576 852 5615 corr.
892 5560 957 5627 C,
994 5560 1068 5623 Μ,
1117 5557 1443 5632 Bunsettius.

1554 5560 1623 5591 η’
1654 5556 1896 5597 νιῖηνεμὶιυ
1929 5558 1968 5597 Π
2066 5559 2113 5590 9³
2144 5576 2224 5597 mn

272 5564 316 5619 C
344 5603 356 5618 .
394 5561 665 5632 ἑκτροφάς
707 5576 852 5615 corr.
892 5560 957 5627 C,
994 5560 1068 5623 Μ,
1117 5558 1443 5612 Bunsettius.
1554 5560 1623 5591 η·
1654 5558 1896 5627 κύμησιν
1929 5558 1989 5613 C.
2066 5559 2113 5590 ”
2144 5558 2518 5630 συναράμενον
2542 5599 2557 5615 .
2707 5558 3005 5633 αράμενον

272 5637 477 5691 exesis.
512 5647 741 5701 quarum
782 5632 937 5701 prior,
957 5647 989 5684 σ
1016 5633 1179 5685 fuisse
1201 5626 1564 5701 cognoscitur.
1597 5628 1665 5691 Μ,
1693 5629 2162 5701 συναράμενονςε
2188 5629 2415 5701 ἀρηγόν,
2439 5631 2667 5701 socium.
2690 5632 3015 5686 Bunsenius.

274 5697 710 5781 καταστασίασιν
736 5697 1183 5781 Stisp._Sattppi1ts
1279 5699 1324 5730 "
1347 5698 1639 5781 ἐξηφξνισε
1693 5697 1995 5781 licet-serus,
2047 5697 2353 5781 ὲξεφᾴνισε-
2381 5700 2443 5761 C.
2466 5700 2556 5781 -Μ,
2585 5701 2910 5781 ῌυηεοιιίιιε.

274 5790 429 5845 susp.
464 5772 529 5845 ιι.
566 5771 801 5845 scottus.
835 5767 847 5772 ⁷
872 5772 933 5845 ⁸⁷7
954 5767 1298 5841 παραϐάντα.
1336 5767 1683 5841 παραϐάντος
1703 5768 1764 5833 C,
1793 5768 1863 5832 Μ,
1891 5767 2238 5845 quiantetb;
2274 5770 2704 5845 subaudiendum
2763 5783 2920 5843 putat
2980 5773 3165 5829 αὐτοῦ.

2602 5560 2638 5616 .’
2660 5560 2982 5633 ηαράμενον
3016 5560 3056 5613 C
3093 5560 3299 5633 duabus
3333 5561 3530 5617 litteris

3096 5632 3140 5663 "‘
3165 5631 3526 5685 κατάστασιν.

3014 5704 3059 5736 ⁹⁶
3084 5701 3307 5767 εὐθέως,
3342 5702 3531 5764 εὐθέος

3282 5774 3329 5806 ’⁸
3371 5772 3530 5825 Exci-

272 5840 422 5901 disse
455 5842 660 5912 aliquid
687 5844 777 5900 h.l
830 5844 1010 5913 potius
1039 5840 1201 5909 quam
1231 5840 1736 5913 depravatutqesse
1766 5850 1921 5907 putat
1945 5841 2020 5913 MA.
2096 5841 2142 5913 ’ξ
2166 5841 2234 5913 ῥν
2256 5841 2337 5913 τό.
2366 5840 2517 5896 Fort.
2552 5841 2681 5913 ὄντα
2713 5840 3008 5898 set-nudum
3046 5844 3410 5913 Bttnsenittm,_
3429 5841 3526 5913 sed

273 5932 386 5987 non
408 5904 1038 5987 necessariutujidetur
1055 5904 1195 5987 esse.
1276 5904 1420 5965 ³ὀὺκ
1442 5907 1536 5963 ἄλο
1564 5908 1627 5966 C.
1700 5912 1721 5945 ⁸
1756 5904 1948 5981 γεμεϊν
1976 5911 2037 5969 C.
2115 5912 2135 5944 ³
2164 5911 2261 5969 Er.
2289 5904 2449 5969 Joan.
2479 5927 2588 5981 xw,
2614 5912 2673 5970 Η
2710 5932 2724 5971 :
2758 5914 3050 5969 Πιττεύετέ
3077 5932 3186 5987 μοι,
3213 5915 3292 5967 ὅτι
3322 5904 3432 5979 ἐγὼ
3465 5911 3526 5962 ὲν

274 5986 355 6061 τῷ
382 5983 560 6056 Πατρὶ
595 5984 689 6037 καὶ
712 5987 741 6039 6
782 5985 968 6053 Πατὴρ
995 5985 1054 6036 έν
1079 5985 1100 6034 ἰ
1110 5999 1217 6052 μοι.
