4124 6508
261 390 400 472 3411

1420 386 1717 476 CONTRA
1758 412 2125 475 Hienses
2160 412 2307 471 LIB.
2338 411 2441 469 1x.

3390 415 3534 487 3412

262 518 362 571 τοῦ
394 517 554 583 Θεοῦ,
588 518 823 590 Χριστὸν
852 522 953 576 οὐκ
982 517 1125 578 εἶναι
1159 524 1347 578 τοῦτον
1372 525 1623 595 λέγουσιν
1649 545 1663 559 ’
1693 526 1849 579 ἐλεύ-

1955 526 2097 581 hunc
2129 524 2409 581 Christum
2455 539 2560 577 non
2611 536 2732 578 esse
2772 522 2977 590 dicunt,
3021 533 3308 579 venturum
3353 537 3531 584 autem

265 608 461 662 σεσθαι
510 609 568 662 δὲ
619 609 830 680 ἕτερον,
882 612 975 665 τὸν
1021 614 1124 667 οὐκ
1157 615 1311 677 ὄντα,
1356 618 1435 681 είς
1463 616 1524 670 ὃν
1567 617 1640 671 τά
1665 617 1711 650 ⁹⁸
1748 616 1850 688 μὲν

263 698 514 768 σύμϐολα
538 702 603 754 ἐκ
635 702 837 773 μέρους
860 704 930 767 ’⁸,
966 704 1070 759 ὅσα
1098 707 1128 760 ό
1160 706 1325 776 νόμος
1361 708 1455 762 καὶ
1483 709 1535 761 οί
1567 708 1849 781 προφῆται

261 790 601 862 προέφηναν,
631 794 955 863 ὁμολογοῦσι
978 835 993 861 ,
1024 796 1148 849 τινὰ
1185 797 1242 850 δέ
1294 799 1389 852 καὶ
1423 798 1767 869 πλανώμενοι
1802 799 1848 831 ⁸⁷

261 882 546 952 νομίζουσι
574 899 588 913 ⁸
608 885 821 953 γένεσιν
852 887 949 956 μὲν
983 888 1094 959 γὰρ
1113 889 1276 942 αὐτοῦ
1308 890 1572 961 ἐσομένην
1601 890 1851 958 λέγουσιν

262 971 330 1023 ἐκ
353 972 547 1039 γένους
585 972 787 1039 Δαϐιδ,
824 974 937 1027 ἀλλ’
972 975 1074 1028 οὐκ
1120 977 1186 1029 ἐκ
1234 976 1516 1048 Παρθένου
1557 978 1652 1034 καὶ
1692 977 1850 1045 ἁγίου

263 1064 620 1134 Πνεύματος,
652 1065 768 1118 ἀλλ’
799 1068 865 1119 ἐκ
898 1067 1160 1137 γυναικὸς
1205 1069 1301 1121 καὶ
1331 1069 1545 1141 ἀνδρὸς,
1581 1069 1658 1131 ὼς
1684 1070 1852 1123 πᾶσιν

262 1153 391 1224 δρος
431 1156 724 1222 γεννᾶσθαι
758 1156 804 1188 ⁹⁶
833 1158 899 1211 ἐκ
934 1158 1270 1229 σπέρματος,
1326 1159 1629 1228 φάσκοντες
1664 1159 1852 1213 τοῦτον

264 1244 529 1314 ἐσόμενον
561 1244 789 1314 βασιλέα
824 1246 910 1299 ἐπ’
938 1248 1163 1311 αὐτοὺς,
1200 1249 1374 1322 ἄνδρα
1402 1249 1735 1323 πολεμιστὴν
1758 1248 1852 1302 καὶ

263 1335 511 1401 δυνατὸν,
564 1336 625 1399 ὃς
681 1338 1017 1405 ἐπισυνάξας
1072 1339 1135 1391 τὸ
1180 1341 1293 1393 πᾶν
1342 1338 1495 1405 ἔθνος
1557 1338 1848 1401 Ἰουδαίων,

266 1424 448 1478 πάντα
478 1426 549 1479 τὰ
594 1426 721 1497 ἔθνη
765 1428 1120 1500 πολεμήσας,
1174 1431 1475 1500 ἀναστήσει
1525 1430 1709 1493 αὐτοῖς
1754 1429 1851 1500 τὴν

280 1514 643 1587 Ἰερουσαλὴμ
669 1517 823 1570 πόλιν
853 1517 1128 1589 βασιλίδα,
1154 1520 1234 1581 είς
1256 1520 1323 1591 ην
1353 1521 1670 1589 ἐπισυνάξει
1702 1520 1851 1575 ἁπαν

269 1606 332 1659 τὸ
357 1605 533 1671 ἔθνος,
563 1608 657 1661 καὶ
691 1608 854 1662 πάλιν
886 1611 979 1663 ἐπὶ
1004 1611 1071 1663 τὰ
1094 1611 1295 1681 ἀρχαῖα
1330 1610 1427 1683 ἔθη
1466 1612 1823 1684 άποκαταστή

273 1714 358 1749 σει
397 1697 685 1768 βασιλεῦον
728 1700 824 1752 καὶ
856 1701 1138 1772 ίερατεῦον
1185 1703 1280 1755 καὶ
1324 1703 1618 1757 κατοικοῦν
1652 1705 1710 1757 ὲν
1748 1720 1850 1756 πε-

272 1788 532 1858 ποιθήσει
584 1792 641 1843 ἐν
682 1790 895 1861 χρόνοις
940 1792 1184 1856 ίκανοίςο
1238 1792 1430 1847 ἔπειτα
1482 1794 1850 1862 ἐπαναστῆναι

268 1879 393 1933 κατ’
432 1878 612 1935 αὐτῶν
644 1881 879 1951 πόλεμον
926 1884 1391 1953 ἐπισυναχθέντων
1418 1901 1434 1916 ο
1467 1886 1528 1938 ἐν
1552 1886 1748 1956 ἐκείνῳ
1776 1885 1854 1957 τῷ

271 1964 719 2043 πολέμῳπεσείν
773 1974 865 2027 τὸν
910 1975 1144 2044 Χριστὸν
1184 1978 1242 2027 ἐν
1277 1976 1526 2049 μαχαίρῃ
1557 1976 1626 2041 ⁸⁵,
1662 1976 1853 2030 ἔπειτα

278 2062 403 2135 μετ’
454 2065 516 2117 ού
570 2065 707 2119 πολὺ
745 2066 845 2138 τὴν
896 2067 1217 2123 συντέλειαν
1259 2068 1355 2123 καὶ
1392 2068 1713 2139 ἐκπύρωσιν
1757 2069 1853 2121 τοῦ

271 2156 475 2220 παντὸς
500 2157 813 2227 ἐπιστῆναι.
842 2159 940 2215 καὶ
971 2158 1145 2223 οὕτως
1174 2159 1242 2213 τά
1275 2159 1405 2230 περὶ
1430 2160 1530 2229 τὴν
1560 2159 1855 2215 ἀνάστασιν

270 2235 636 2316 Ιδοξέξόμενα
673 2248 1106 2318 ἐπιτελεσθῆναι.
1140 2251 1239 2315 τάς
1262 2266 1323 2304 ss
1364 2248 1602 2319 ἀμοιϐάς
1638 2249 1856 2319 ἑκάστῳ

272 2338 417 2389 κατά
445 2338 512 2391 τὰ
543 2340 907 2409 πεπραγμένα
937 2339 1290 2411 ἀποδοθῆναι.

346 2535 445 2589 λα’.
481 2538 640 2589 Δοκεῖ
684 2537 785 2605 μὲν
824 2537 958 2605 ἡμῖν
993 2536 1195 2601 ίκανῶς
1222 2536 1294 2593 τὰ
1324 2539 1541 2591 πάντων
1587 2537 1857 2609 Ἑλλήνων

273 2645 331 2680 τε
383 2628 475 2680 καὶ
514 2626 812 2698 βαρϐάρων
840 2628 1090 2697 δόγματα
1130 2628 1471 2682 ἐκτεθεῖσθαι
1509 2630 1549 2695 ⁸,
1599 2629 1766 2699 μηδὲν
1798 2630 1855 2683 δέ

273 2717 692 2771 ἀπολελοιπέναι
725 2719 745 2748 ⁸
785 2716 923 2787 μήτε
958 2716 1038 2788 [ρ.
1072 2716 1201 2782 309,
1230 2716 1363 2791 510]
1394 2718 1504 2772 τῶν
1531 2719 1857 2788 φιλοσοφου-

277 2810 458 2880 μένων
483 2812 621 2880 μήτε
652 2811 759 2861 τῶν
780 2810 886 2865 ὑπὸ
913 2810 1212 2881 αίρετικῶν
1249 2809 1662 2882 φίασκο]μένων
1694 2813 1714 2847 ⁸
1764 2814 1859 2871 ἀν-

274 2899 614 2964 απόδεικτον,
650 2894 732 2963 οἷς
778 2898 839 2964 ἐξ
864 2898 1048 2951 αὐτῶν
1079 2898 1190 2953 τῶν
1236 2900 1573 2954 ἐκτεθέντων
1626 2901 1860 2970 φανερὸς

278 2990 566 3057 γεγένηται
597 2991 627 3041 ό
654 2990 875 3058 ἐλεγχος
909 2990 942 3060 ἦ
975 2990 1494 3060 κλεψιλογησάντων
1516 2991 1550 3060 ἡ
1572 3008 1698 3044 τινα
1726 2992 1857 3061 ἐρα-

277 3083 583 3150 νισαμένων
618 3081 759 3133 αύτά
790 3080 861 3131 τά
888 3080 992 3132 ὑπὸ
1047 3080 1319 3151 Ἐλλήνων
1353 3082 1707 3152 πεπονημένα
1753 3099 1860 3134 πα-

279 3171 596 3240 ραθεμένων
635 3169 711 3233 ὼς
744 3169 884 3225 θεία.
930 3172 1031 3225 Διά
1080 3172 1300 3233 πάντων
1330 3167 1425 3225 οὖν
1465 3172 1860 3243 διαδραμόντες

279 3262 376 3315 καὶ
418 3263 561 3330 μετὰ
601 3261 800 3316 πολλοῦ
837 3261 1002 3315 πόνου
1037 3264 1096 3315 ἐν
1131 3265 1254 3327 ταῖς
1293 3263 1453 3325 ἐννέα
1504 3263 1710 3334 βίϐλοις
1739 3264 1762 3295 δ
1789 3265 1860 3317 τὰ

277 3352 462 3405 πάντα
486 3351 739 3421 δόγματα
769 3351 1082 3419 ἐξειπόντες
1099 3392 1117 3419 ,
1148 3353 1287 3407 πᾶσί
1314 3370 1377 3406 τε
1428 3353 1741 3424 ἀνθρώποις
1765 3355 1862 3422 trp-

278 3444 425 3499 όδιον
454 3447 518 3497 ὲν
538 3443 639 3514 βίῳ
675 3443 871 3515 μικρὸν
895 3443 1312 3508 καταλιπόντες,
1335 3445 1431 3497 καὶ
1459 3447 1571 3509 τοῖς
1592 3446 1860 3517 παροῦσιν

278 3536 381 3589 οὐκ
434 3535 623 3604 ὀλίγης
669 3536 691 3567 ⁸
732 3536 918 3607 χαρᾶς
956 3536 1052 3589 καὶ
1117 3535 1383 3605 θυμηδίας
1436 3538 1458 3568 ⁸
1506 3536 1861 3606 φιλομάθειαν

281 3627 680 3698 παρασχόντες,
706 3626 933 3695 εὔλογον
960 3626 1244 3698 ἡγούμεθα
1262 3625 1455 3699 ὥσπερ
1486 3629 1737 3698 κορυφὴν
1763 3628 1859 3681 τοῦ

281 3712 662 3813 «ranae-[ty]
696 3715 886 3813 ’Λπξρὶ
928 3714 1189 3813 ἀληθείας
1226 3713 1386 3781 λόγον
1407 3716 1721 3813 ἐπενέγκαι,

279 3804 474 3860 τοῦτον
500 3806 561 3857 ἐν
582 3804 694 3875 Ῑιιᾷ
721 3804 892 3876 βίϐλῳ
924 3808 990 3875 τῇ
1019 3806 1225 3879 δεκάτῃ
1257 3805 1633 3877 περιγράψαι,
1655 3806 1806 3870 ὅπως
1838 3808 1867 3860 ό

287 3893 643 3964 ἐντυγχάνων
678 3893 755 3965 μὴ
779 3894 942 3965 μόνον
965 3896 1284 3967 ἀνατροπὴν
1304 3896 1414 3949 τῶν
1450 3895 1867 3967 τετολμηκότων

285 3984 530 4056 αἱρέσεις
587 3986 962 4057 συστήσασθαι
1004 3987 1265 4057 ἐπιγνοὺς
1314 3987 1714 4059 καταφρονήσῃ
1756 3986 1866 4043 τῶν

288 4073 558 4144 ματαίων,
588 4074 728 4130 ἀλλὰ
762 4075 858 4129 καὶ
905 4075 1006 4147 τὴν
1040 4075 1143 4147 τῆς
1188 4074 1453 4145 ἀληθείας
1485 4075 1718 4146 δύναμιν
1742 4078 1868 4131 ἐπι.

284 4166 451 4236 γνοὺς
480 4165 649 4231 ἀξίως
678 4166 799 4238 Θεῷ
830 4167 1129 4232 πιστεύσας
1164 4167 1405 4238 σωθῆναι
1432 4167 1657 4243 δυνηθῇ.
1690 4170 1704 4237 1

1951 630 2076 672 esse
2127 614 2315 680 alium,
2371 612 2465 683 qni
2516 614 2751 667 nondum
2797 622 2994 679 exstet,
3035 614 3087 668 in
3135 630 3295 685 quem
3339 618 3536 676 cadere

1952 707 2104 778 signa
2134 720 2203 761 ex
2234 715 2411 776 parte,
2440 713 2708 777 quotquot
2748 703 2831 761 lex
2882 716 2938 759 et
2971 706 3250 776 pmpltetze
3275 723 3539 778 pmmon—

1952 806 2288 860 straverunt,
2333 795 2688 859 conﬁtentur,
2737 793 2920 863 aliqua
2951 806 3135 849 autem
3166 798 3333 851 etiam
3377 814 3535 854 erra-

1954 886 2115 942 bundi
2147 888 2470 957 opinantur;
2502 901 2735 956 namque
2776 887 3184 955 generationem
3229 890 3349 959 ejus
3390 890 3539 947 futu-

1954 992 2071 1033 ram
2095 993 2219 1034 esse
2261 979 2455 1033 dicunt
2476 994 2541 1034 ea
2564 992 2763 1048 genere
2786 978 2976 1045 David,
3004 994 3108 1033 non
3148 989 3323 1035 autem
3352 997 3383 1037 e
3415 981 3537 1037 Vir-

1952 1068 2076 1134 gine
2119 1078 2173 1121 et
2208 1067 2413 1136 Spiritu
2461 1077 2676 1131 sancto,
2712 1067 2807 1121 sed
2842 1081 2873 1121 e
2924 1067 3154 1123 muliere
3183 1078 3239 1124 et
3269 1070 3406 1137 viro,
3454 1071 3535 1127 si-

1952 1159 2063 1211 cuti
2096 1159 2347 1212 omuibus
2384 1158 2662 1211 deﬁnitum
2693 1158 2764 1212 sit
2792 1159 3041 1228 generari
3076 1174 3142 1213 ex
3177 1160 3407 1226 semine,
3454 1161 3536 1216 l'a-

1954 1256 2133 1301 tentes
2172 1249 2314 1302 hunc
2339 1248 2579 1301 futurum
2608 1262 2728 1303 esse
2757 1264 2935 1317 regem
2968 1264 3131 1317 super
3164 1250 3328 1318 ipsos,
3359 1251 3533 1306 virum

1954 1334 2365 1403 belligerantem
2408 1351 2469 1389 ac
2506 1346 2799 1406 potentem,
2833 1336 2947 1405 qui,
2982 1336 3073 1393 ubi
3116 1340 3535 1414 congregaverit

1955 1425 2269 1479 universum
2316 1426 2571 1494 populum
2612 1422 2921 1480 Judmorum
2971 1437 3271 1497 omnesque
3309 1430 3534 1499 populos

1955 1515 2093 1570 bello
2129 1525 2444 1584 persecutus
2468 1514 2653 1581 fuerit,
2690 1518 3017 1571 iﬂSlalll‘allll
3052 1520 3118 1573 iis
3161 1519 3533 1593 Hierosolyma

1955 1610 2139 1662 urbem
2178 1609 2401 1677 regiam,
2444 1608 2495 1661 in
2532 1623 2692 1676 quam
2719 1610 3071 1679 congregabit
3102 1611 3415 1667 universum
3443 1628 3537 1684 po-

1954 1696 2135 1766 pulum
2165 1707 2219 1751 et
2251 1712 2441 1751 rursus
2489 1698 2555 1749 ad
2585 1696 2792 1766 priscos
2826 1715 3004 1754 mores
3048 1702 3266 1755 reducet
3309 1701 3536 1773 fungen-

1956 1794 2062 1839 tem
2114 1788 2261 1857 regio
2286 1798 2339 1841 et
2383 1789 2707 1843 sacerdorali
2752 1806 2972 1845 munere
3008 1804 3064 1845 et
3110 1793 3447 1862 habitantem
3481 1794 3533 1847 in

1888 1874 1927 1928 li
1957 1877 2286 1933 conﬁdentia
2333 1896 2430 1948 per
2466 1881 2600 1934 satis
2635 1880 2793 1949 longa
2826 1890 3101 1950 tempora;
3137 1892 3249 1936 tum
3295 1883 3536 1939 insurre-

1958 1980 2166 2023 rturum
2198 1984 2316 2023 esse
2348 1970 2543 2024 bellum
2570 1981 2762 2025 contra
2792 1987 2887 2025 eos
2923 1982 3313 2044 congregatos;
3351 1973 3404 2029 in
3444 1973 3537 2029 illo

1956 2059 2097 2112 bello
2138 2076 2395 2114 casurum
2442 2076 2563 2117 esse
2615 2060 2894 2118 Christum
2949 2077 3048 2131 per
3097 2062 3362 2133 gladium;
3419 2072 3532 2117 tum

1961 2150 2101 2203 haud
2134 2152 2205 2203 ita
2254 2152 2423 2206 multo
2472 2164 2592 2224 post
2620 2167 3000 2209 suetre>surant
3034 2167 3159 2209 esse
3194 2168 3541 2210 consumma-

1960 2240 2160 2294 tionem
2200 2255 2263 2295 :tc
2312 2240 2755 2312 deﬂagrationem
2802 2241 3068 2306 universi,
3102 2252 3158 2298 et
3203 2242 3277 2297 ita
3328 2257 3447 2311 qua:
3474 2243 3540 2295 de

1960 2331 2356 2383 resurrectione
2381 2332 2676 2398 opinantur
2701 2332 2996 2399 perfectum
3022 2332 3114 2397 iri,
3148 2332 3539 2406 mercedestu

1957 2420 2154 2489 cuique
2186 2431 2345 2492 prout
2368 2423 2541 2495 egerit
2568 2423 2825 2480 tributum
2862 2423 2950 2480 iri.

2029 2532 2119 2589 31.
2162 2533 2426 2591 Videntur
2466 2534 2625 2592 nobis
2665 2533 2996 2592 suﬁcientcr
3017 2538 3257 2593 omnium
3285 2546 3343 2591 et
3381 2536 3537 2593 Gm-

1957 2638 2147 2682 corum
2166 2634 2225 2681 et.
2258 2624 2616 2684 Barbarorum
2640 2626 2834 2696 placita
2861 2643 2982 2683 esse
3001 2630 3266 2698 expasita,
3297 2628 3537 2698 nihilque

1961 2717 2290 2775 remansisse
2346 2718 2687 2774 irrel’utatunt
2729 2718 3085 2792 ‘94-‘95
3132 2736 3307 2790 neque
3362 2720 3539 2791 philo-

1960 2808 2420 2877 sophumenorum
2475 2825 2653 2879 neque
2696 2826 2923 2876 eorum,
2980 2827 3100 2880 quas
3149 2812 3219 2867 ab
3272 2812 3539 2868 hmmticis

1958 2901 2105 2957 dicta
2180 2912 2345 2968 sunt,
2406 2903 2498 2971 qui
2568 2917 2634 2957 ex
2724 2902 2856 2972 ipsis
2925 2901 3187 2971 expositis
3252 2900 3541 2957 manifeste

1960 2994 2135 3059 arguti
2202 3004 2330 3049 sunt
2376 2994 2460 3048 vel
2523 2992 2809 3062 expilaudo
2876 2992 2955 3047 vel
3027 2992 3271 3061 quaedam
3352 3006 3538 3047 eorru-

1962 3082 2139 3149 gultdo
2197 3097 2263 3138 ea
2320 3082 2474 3152 ipsa,
2526 3098 2646 3152 quae
2692 3100 2721 3135 ιι
2774 3082 2980 3138 Graecis
3039 3082 3316 3139 elaborata
3372 3092 3535 3147 sunt,

1889 3204 1930 3259 ο
1965 3173 2307 3241 proposuisse
2348 3182 2608 3243 tanquam
2650 3174 2853 3230 divina.
2910 3173 3201 3243 Postquam
3233 3172 3399 3242 igitur
3439 3185 3538 3240 per

1964 3264 2147 3318 omnia
2197 3266 2565 3333 percurrimus
2612 3276 2667 3320 et
2713 3279 2908 3336 magno
2966 3264 3156 3319 labore
3206 3278 3406 3319 novent
3456 3262 3541 3317 his

1964 3352 2121 3413 libris
2147 3354 2328 3411 omnia
2356 3356 2550 3425 placita
2588 3356 2881 3421 ediximus,
2917 3354 3279 3424 omnibusque
3311 3354 3543 3409 homini-

1966 3445 2069 3500 bus
2110 3459 2336 3513 parvum
2370 3446 2424 3501 in
2475 3446 2579 3501 vita
2619 3446 2874 3502 viaticum
2924 3445 3266 3514 reliquimus.
3312 3453 3368 3498 et
3409 3459 3541 3514 pra:-

1964 3535 2212 3592 seutibus
2259 3535 2398 3592 haud
2438 3552 2617 3605 parva
2664 3537 2869 3593 laetitia:
2914 3545 2970 3591 et
3010 3536 3391 3593 oblectationis
3437 3544 3542 3589 stu.

1966 3628 2113 3683 dium
2159 3628 2402 3683 discendi
2451 3628 2797 3695 prmhuimus,
2837 3628 3176 3683 commodum
3215 3628 3543 3689 arbitrantur

1972 3726 2225 3784 tanquam
2254 3714 2525 3785 fastigium
2555 3718 2719 3773 totius
2746 3717 2929 3786 operis
2950 3732 3259 3774 sermonem
3293 3720 3359 3781 de
3396 3719 3541 3773 veri-

1971 3814 2077 3863 tate
2103 3804 2302 3863 aﬂerre
2335 3820 2570 3874 eumque
2596 3807 2649 3861 in
2684 3823 2791 3864 uno
2823 3808 2963 3863 libro
2989 3809 3202 3864 decimo
3238 3807 3539 3871 detineam.

1969 3908 2028 3953 ut
2067 3897 2237 3955 lector
2268 3911 2373 3953 non
2413 3897 2589 3954 solum
2632 3913 2754 3954 cum
2788 3898 3171 3955 refutationem
3228 3912 3418 3955 eorum
3447 3901 3542 3969 qui

1970 3990 2205 4047 hereses
2236 3988 2471 4045 condere
2495 3988 2612 4047 ausi
2639 3999 2787 4053 sunt,
2811 3990 3147 4059 cognoverit.
3176 3990 3356 4049 inania
3385 4004 3543 4060 sper-

1972 4088 2085 4144 nat,
2116 4079 2209 4135 sed
2244 4078 2437 4145 etiam,
2464 4094 2586 4135 cum
2616 4080 2863 4137 veritatis
2886 4081 2995 4139 vim
3022 4080 3357 4152 cognoverit.
3384 4080 3547 4153 digne

1985 4172 2071 4225 ubi
2099 4169 2209 4225 Deo
2226 4171 2542 4235 crediderit,
2582 4171 2779 4227 salvari
2807 4172 2995 4241 possit.

1552 4386 1784 4441 VARUE
1824 4386 2203 4443 LECTIONES

383 4564 432 4597 ⁸⁸
462 4564 545 4627 είς
580 4564 642 4617 ὃν
664 4564 755 4618 τά.
794 4566 874 4629 είς
898 4564 1031 4619 ὂντα
1058 4564 1123 4631 C,
1155 4563 1227 4617 Μ.
1298 4565 1346 4597 ’⁸
1374 4566 1438 4617 ἐκ
1470 4563 1694 4689 paeane.
1731 4564 2014 4621 Exciditne
2044 4567 2362 4621 vocabulum
2407 4569 2777 4644 ἀναφέρεσθαι
2820 4572 2900 4623 vel
2931 4572 3039 4626 tale
3066 4570 3236 4641 quid?
3340 4570 3386 4604 "
3413 4570 3551 4624 πλα-

383 4651 549 4689 αενοι.
594 4634 948 4689 πλανώμενον
990 4635 1055 4689 C.
1149 4636 1195 4668 ⁸⁸
1226 4635 1487 4689 γενᾶσθαι
1564 4679 1573 4689 .
1694 4636 1739 4669 ⁸⁸
1774 4636 2041 4689 “anim.
2083 4637 2363 4689 υιαγαίοατ
2471 4640 2487 4671 ί
2521 4641 2847 4689 ἐκτεθῆσθαι
2880 4640 2944 4689 (ἶ.
3057 4643 3079 4677 ⁸
3111 4640 3546 4689 ἀπολελοιπέναι.

292 4632 549 4757 magri.
594 4634 948 4719 πλανῴμενον
1149 4636 1195 4668 ⁸⁸
1226 4632 1487 4735 γενᾶσθμι

498 4703 691 4758 υπέναι
725 4709 783 4758 ι..
818 4703 1236 4758 ἀπολελειπέναι
1259 4704 1329 4758 Μ.
1474 4704 1487 4758 l

297 4721 691 4759 απολελυπεναι
725 4721 783 4768 ιι,
818 4721 1236 4760 απολελειπεναι
1259 4721 1329 4759 tu.

297 4787 478 4826 rarum
518 4791 553 4828 α
581 4785 631 4829 et
663 4790 717 4829 κ.
758 4773 827 4828 Μ.
904 4781 925 4804 ⁵
951 4775 1072 4837 ταῖς
1121 4773 1279 4828 ἐννέα
1327 4788 1329 4837 ;

294 4840 495 4912 ὀλίγοις
526 4841 589 4907 C,
623 4843 692 4898 Μ.
763 4843 783 4874 ⁸
814 4842 1066 4915 θυμιδίας
1097 4843 1160 4899 C.
1271 4843 1290 4873 '
1325 4840 1419 4896 τὸν
1448 4846 1572 4898 add.
1598 4842 1670 4896 M.

625 5874 895 5934 PATROL.
944 5874 1058 5933 Gtt.
1107 5874 1261 5933 XVI.
1318 5864 1323 5867 ⁷

1694 4636 1739 4669 θ’
1773 4636 2041 4709 μαχαίρῃ.
2082 4637 2363 4708 μαχαίρᾳτ
2471 4640 2487 4671 ί
2521 4636 2847 4709 ἐκτεθῆσθαι
2880 4640 2944 4695 C.

1426 4704 1697 4781 fLitterje
1719 4704 2465 4781 suppletmjacunamegesto
2507 4704 2767 4781 implent;
2806 4721 3099 4781 supersunt
3132 4712 3355 4781 vestigia
3399 4714 3546 4769 litte-

1327 4772 1548 4856 βίϐλοις2
1578 4776 1691 4856 τοῖς
1717 4772 1876 4830 ἐννέα
1916 4775 2118 4846 βίϐλοις
2143 4775 2205 4845 C,
2239 4776 2321 4832 vel
2350 4780 2463 4844 τοῖς
2490 4772 2647 4835 ἐννέα
2670 4772 2916 4849 βιϐλίοις.
2994 4780 3015 4814 ⁸
3033 4783 3220 4856 ὀλίγης
3247 4772 3544 4854 ιῖοοιιοτυε,

3057 4640 3095 4677 ⁸“
3111 4640 3546 4701 ἀπολελοιπέναι.

3130 5876 3241 5937 108
