4124 6518
579 419 719 488 3413

2045 409 2417 474 ORIGENIS

3691 395 3840 460 3414

607 548 3823 588 υη-----κη⁸-----,-----“,-,,-,,-,-,,-,,,,,,,,,η,,,,,-,,-.-...,-.,....

724 729 1021 842 ΤΟΥ
1077 722 1496 839 ΚΑΤΑ
1571 717 2088 836 ΠΑΣΩΝ
2166 708 2903 825 ΑΙΡΕΣΕΩΝ
2978 698 3696 819 ΕΛΕΓΧΟΥ

1914 953 2354 1042 ΒΙΒΛΙΟΝ
2414 945 2506 1035 1⁸.

2185 1157 2258 1177 ε’.

925 1314 1836 1431 REFUTATION
1862 1311 1988 1426 IS
2067 1308 2643 1427 OMNIUM
2723 1300 3500 1418 HfEBESlUM

1713 1551 2068 1640 LIBER
2153 1550 2712 1642 DECIMUS.

2181 1763 2252 1778 ηο-

667 1898 716 1951 1.
781 1893 903 1948 llaec
958 1893 1138 1946 insunt
1198 1891 1251 1945 in
1329 1890 1538 1945 decimo
1609 1889 1747 1944 libro
1819 1889 2162 1946 refutatiouis

2338 1902 2409 1948 α’.
2461 1897 2589 1948 ιάοε
2637 1909 2846 1946 ενεστιν
2893 1908 2948 1944 εν
2998 1893 3063 1961 τῇ
3093 1890 3295 1943 δεκάτη
3329 1887 3422 1942 τοῦ
3474 1888 3616 1941 κατά
3649 1886 3847 1941 πασῶν

590 1989 826 2043 omnium
874 1985 1155 2038 haeresium
1187 2000 1202 2035 :

661 2077 715 2131 2.
761 2074 1128 2130 Summarium
1160 2074 1398 2129 omnium
1430 2073 1896 2143 philosophorum,

662 2163 716 2218 3.
759 2164 1123 2219 Summarium
1150 2165 1390 2220 omnium
1421 2166 1728 2232 lmresium,

662 2255 718 2310 4.
761 2256 827 2310 Ει
869 2257 1100 2327 denique
1143 2266 1263 2326 post
1291 2257 1495 2326 omnia,
1537 2272 1782 2327 quamam
1817 2257 1889 2312 sit
1920 2256 2167 2312 veritatis

592 2347 857 2403 doctrina.

660 2438 714 2493 5.
763 2437 1158 2510 Labyrinthum
1214 2441 1504 2496 haeresium
1549 2449 1833 2511 postquam
1867 2443 1991 2509 [non
2045 2441 2164 2496 vio-

595 2531 768 2587 lenter
800 2532 1152 2603 disrupimus,
1198 2532 1292 2588 sed
1328 2533 1441 2588 sola
1479 2531 1802 2588 refutatione
1829 2533 2074 2589 veritatis
2112 2533 2171 2588 vi

599 2623 966 2692 dissolvimus,
1006 2625 1072 2680 ad
1103 2625 1349 2682 veritatis
1377 2626 1887 2682 demonstrationem
1919 2627 2166 2697 aggredi-

591 2727 735 2767 mur.
767 2711 904 2767 Tum
933 2713 1077 2768 enim
1119 2714 1322 2770 erroris
1349 2715 1638 2770 artificiosa
1665 2717 1996 2785 sophismata
2027 2716 2168 2771 male

593 2819 727 2858 nexa
791 2804 1082 2860 manifesta
1147 2807 1310 2874 ﬁent,
1365 2810 1580 2876 quando
1625 2809 1871 2864 veritatis
1928 2807 2169 2864 definitio

590 2903 808 2950 ostensa
841 2895 1025 2962 fuerit,
1065 2911 1170 2950 non
1222 2912 1250 2949 a
1292 2899 1556 2967 sapientia
1602 2898 1912 2955 Graecorum
1962 2898 2167 2968 princi-

591 2985 738 3054 pium
780 2997 960 3052 nacta,
1008 3003 1184 3056 neque
1223 2987 1597 3059 Egyptiorum
1629 2990 1844 3059 placita,
1894 3005 2030 3044 vana
2078 2990 2168 3044 illa

593 3077 735 3131 inter
795 3078 946 3146 ipsos
995 3093 1117 3132 cum
1177 3079 1369 3134 liducia
1428 3081 1610 3147 culta,
1662 3091 1914 3151 tanquam
1972 3096 2166 3136 arcana

591 3167 805 3233 edocta,
835 3183 1008 3238 neque
1043 3169 1419 3226 Chaldaeorum
1447 3172 1709 3227 dissoluta
1739 3172 2057 3228 curiositate
2087 3173 2168 3226 in-

2272 1985 2536 2055 αῑρέσεων
2570 1985 2795 2054 ἐλέγχου
2815 1999 2828 2011 '

2341 2073 2406 2143 β’.
2457 2075 2723 2144 Ἐπιτομὴ
2747 2073 2964 2126 πάντων
2993 2072 3102 2125 τῶν
3132 2071 3455 2140 φιλοσόφων,

2342 2164 2412 2233 γ’.
2457 2165 2724 2236 Ἐπιτομὴ
2751 2165 2774 2196 ⁸
2797 2163 2989 2218 πασῶν
3011 2161 3164 2236 [τῶν]
3204 2163 3225 2194 ⁹
3249 2163 3538 2233 αἱρέσεων,

2339 2258 2403 2312 δ’.
2462 2259 2573 2312 Καὶ
2603 2258 2696 2311 ἐπὶ
2729 2259 2887 2322 πᾶσι,
2919 2258 3002 2319 τίς
3025 2257 3054 2310 ό
3075 2255 3178 2325 τῆς
3201 2254 3461 2318 ἀλτιθείας
3487 2253 3668 2322 λόγος.

2341 2445 2402 2492 ε’.
2426 2437 2871 2507 Τὸνλαὸύρινθον
2889 2436 2997 2489 τῶν
3016 2434 3276 2506 αἱρέσεων
3306 2435 3365 2486 οὐ
3401 2433 3492 2504 βίᾳ.
3515 2429 3846 2504 διαρρήξαν-

2271 2547 2384 2594 τες,
2406 2528 2542 2584 ἀλλά
2565 2529 2707 2600 μόνῳ
2729 2528 2934 2600 ἐλέγχῳ
2958 2527 3214 2600 ἀληθείας
3229 2527 3454 2596 δυνάμει
3475 2525 3843 2586 διαλύσαντες,

2274 2621 2542 2694 πρόσιμεν
2587 2620 2631 2652 ¹⁰
2670 2622 2762 2674 ἐπὶ
2810 2619 2908 2691 τὴν
2940 2621 3039 2690 τῆς
3078 2619 3338 2690 ἀληθείας
3380 2617 3676 2684 ἀπόδειξιν.
3710 2616 3844 2669 Τότε

2273 2713 2381 2782 γὰρ
2408 2712 2507 2781 τῆς
2534 2711 2746 2782 πλάνης
2772 2711 2996 2780 ἔντεχνα
3033 2711 3344 2780 σοφίσματα
3370 2709 3653 2762 ἀσύστατα
3685 2725 3851 2775 φανε-

2276 2804 2606 2877 ρωθήσεται,
2639 2803 2779 2856 ἐπάν
2805 2805 2832 2856 ὁ
2853 2805 2954 2872 τῆς
2981 2801 3240 2871 ἀληθείας
3265 2802 3385 2871 ὄρος
3417 2799 3718 2868 ἐπιδειχθῇ,
3748 2799 3852 2851 οὐκ

2274 2897 2382 2950 ἀπὸ
2410 2895 2601 2964 σοφίας
2635 2894 2907 2964 Ἐλλήνων
2928 2893 3100 2965 ἀρχὰς
3139 2891 3478 2963 μεταλαϐὼν,
3531 2891 3639 2944 οὐδ’
3683 2893 3855 2959 Λίγυσ-

2275 2985 2447 3040 πτίων
2487 2985 2736 3055 δόγματα
2757 3022 2774 3048 ,
2797 2985 2867 3037 τά
2890 2985 2948 3036 ἐν
2979 2984 3162 3045 αὐτοῖς
3195 2983 3313 3051 μετ’
3340 2981 3686 3045 ἀξιοπιστίας
3718 2980 3853 3051 θρη-

2277 3076 2582 3145 σκευόμενα
2615 3075 2840 3143 μάταια,
2863 3074 2938 3136 ὡς
2964 3075 3178 3145 ἀρῤητα
3203 3072 3494 3142 διδαχθεὶς,
3537 3073 3661 3126 οὐδὲ
3701 3071 3849 3125 Χαλ-

2274 3166 2439 3220 δαίων
2469 3166 2761 3236 ἀσυστάτῳ
2799 3165 3094 3237 περιεργίᾳ
3119 3165 3395 3234 σοφισθεὶς
3419 3205 3432 3225 ,
3453 3165 3574 3217 οὐδὲ
3597 3164 3852 3218 Βαϐυλω-

591 3257 775 3320 ducta,
809 3271 982 3326 neque
1012 3259 1434 3330 Babyloniorum
1468 3262 1629 3316 stulta
1670 3264 1892 3318 vesania
1934 3277 2029 3331 per
2059 3261 2166 3316 elli-

2272 3259 2395 3313 νίων
2425 3257 2698 3327 ἀλογίστῳ
2736 3256 2905 3328 μανίᾳ
2927 3256 3005 3328 [ρ.
3039 3257 3164 3310 510.
3187 3255 3315 3328 511]
3336 3257 3404 3310 δι’
3433 3254 3772 3328 ἐν[εργεί]ας
3805 3258 3846 3287 ιι

594 3347 798 3399 caciam
847 3347 1149 3402 daemonum
1181 3351 1452 3417 perculsa,
1493 3353 1586 3406 sed
1631 3366 1737 3421 quo
1772 3361 1951 3406 exstat
1975 3352 2171 3424 496-

592 3434 756 3507 497
781 3437 940 3491 modo
986 3438 1227 3493 definitio
1273 3455 1398 3494 vera
1431 3441 1699 3496 exsisteus
1740 3451 1796 3496 et
1846 3443 2079 3513 ingenua
2121 3453 2176 3497 ct

592 3529 826 3593 sincera,
855 3543 996 3597 quae,
1029 3530 1322 3585 dummodo
1353 3532 1688 3602 apparuerit,
1726 3533 1985 3588 refutabit
2017 3548 2173 3589 erro-

593 3634 730 3673 rem.
783 3619 953 3689 Cujus
1009 3623 1112 3676 etsi
1181 3623 1481 3691 saepissime
1538 3624 1806 3679 rationem
1862 3625 2174 3694 aperuimus

593 3712 840 3780 satisque
869 3711 1118 3768 veritatis
1151 3714 1388 3782 regulam
1425 3715 1719 3770 liberaliter
1757 3717 1822 3770 iis
1862 3717 1951 3785 qui
1984 3717 2172 3773 volunt

593 3804 927 3859 ostendimus
959 3823 973 3859 :
1006 3806 1101 3860 sed
1137 3816 1314 3860 tamen
1350 3823 1494 3863 nunc
1541 3809 1704 3862 etiam
1751 3824 1860 3864 non
1907 3809 2170 3864 absonum

591 3897 842 3951 arbitrati
897 3911 1084 3951 sumus
1113 3907 1233 3965 post
1278 3898 1460 3952 omnia
1513 3900 1821 3954 (inec-orum
1871 3910 1926 3954 et
1958 3902 2170 3955 haereti-

590 4005 777 4046 corum
821 3990 1018 4058 placita
1071 4002 1332 4062 tauquam
1387 3992 1659 4060 fastigium
1725 3992 1984 4046 librorum
2031 3993 2170 4048 hanc

591 4081 784 4136 afferre
821 4081 1340 4136 demonstrationem
1376 4095 1472 4150 per
1503 4082 1770 4136 decimum
1811 4081 2028 4136 librum.

660 4171 715 4225 6.
756 4170 1033 4240 Complexi
1085 4171 1248 4239 igitur
1299 4171 1543 4224 omnium
1598 4169 1739 4239 apud
1801 4169 2020 4224 Grascos
2080 4184 2170 4223 sa-

592 4262 834 4328 pientum
884 4259 1078 4325 placita
1129 4259 1182 4313 in
1223 4268 1458 4328 quatuor
1499 4259 1672 4325 libris,
1706 4275 1770 4314 ea
1805 4269 2006 4324 autem,
2049 4274 2168 4328 quae

592 4349 974 4405 haeresiarchis
1021 4348 1342 4418 placuerunt
1384 4350 1438 4404 in
1487 4351 1746 4420 quinque,
1779 4351 1891 4419 jam
1924 4351 2167 4405 veritatis

590 4439 894 4495 doctrinam
933 4438 984 4492 in
1030 4453 1138 4493 uno
1171 4440 1542 4503 ostendemus,
1596 4438 2015 4508 recapitulantes
2053 4441 2166 4506 pri-

2272 3351 2542 3420 δαιμόνων
2586 3348 2993 3416 καταπλαγεὶς,
3044 3348 3161 3401 ἀλλ’
3191 3343 3236 3415 ᾧ
3297 3348 3340 3379 ¹²
3382 3348 3617 3418 ὑπάρχει
3665 3348 3850 3418 τρόπῳ

2271 3442 2396 3512 ὅρος
2423 3439 2630 3512 ἀληθὴς
2664 3440 2708 3471 ¹⁸
2738 3439 2814 3492 ὢν
2845 3439 3157 3508 ἀφύλακτός
3191 3456 3252 3491 τε
3285 3439 3380 3492 καὶ
3411 3438 3848 3502 ἀκαλλώπιστος,

2271 3531 2328 3594 δς
2363 3533 2408 3570 ¹δ
2439 3531 2599 3602 μόνον
2643 3532 2831 3600 φανεὶς
2876 3530 3087 3598 ἐλέγξει
3139 3533 3240 3601 τὴν
3278 3531 3510 3602 πλάνην.
3548 3531 3686 3601 Περὶ
3710 3524 3771 3583 οὗ
3802 3533 3850 3584 εί

2272 3622 2366 3676 καὶ
2413 3620 2732 3685 πλειστάκις
2771 3622 3070 3686 ἀποδείξεις
3133 3624 3469 3694 ἐποιήσαμεν
3513 3624 3609 3677 καὶ
3652 3623 3848 3685 ίκανῶς

2270 3713 2361 3767 τὸν
2411 3713 2513 3782 τῆς
2544 3713 2554 3783 |
2585 3713 2844 3784 ἀληθείας
2884 3714 3085 3767 κανόνα
3133 3714 3380 3782 ἀφθόνως
3425 3717 3538 3774 τοῖς
3597 3715 3848 3784 βουλομέ-

2270 3822 2382 3868 νοις
2415 3804 2800 3874 ἐπεδείξαμεν,
2843 3805 2981 3858 ἀλλά
3019 3822 3081 3873 γε
3107 3805 3201 3858 καὶ
3229 3806 3324 3860 νῦν
3352 3807 3453 3858 οὑκ
3487 3805 3682 3874 ἄλογον
3707 3807 3849 3874 ἐκρί-

2271 3913 2439 3967 ναμεν
2478 3896 2568 3950 ἐπὶ
2617 3899 2750 3950 πᾶσι
2780 3899 2893 3959 τοῖς
2925 3896 3152 3966 Ἕλλησι
3195 3896 3585 3968 δεδοκημένοις
3621 3899 3720 3950 καὶ
3760 3899 3845 3950 αἱ·

2272 3990 2510 4059 ρετικοῖς
2539 3988 2674 4040 ὡσεὶ
2712 3990 2982 4058 κορωνίδα
3006 3989 3115 4042 τῶν
3158 3989 3358 4060 βίϐλων
3394 3989 3694 4057 ἐπενέγκαι
3722 3990 3847 4043 ταύ-

2267 4097 2368 4150 την
2397 4081 2496 4151 τὴν
2532 4081 2810 4145 ἀπόδειξιν
2837 4082 2927 4135 διά
2960 4083 3061 4153 τῆς
3087 4084 3322 4153 δεκάτης
3351 4083 3558 4151 βίϐλου.

2345 4180 2418 4238 ς’.
2455 4175 2962 4246 Συμπεριλαϐόντες
2994 4176 3175 4228 τοίνυν
3205 4176 3272 4228 τά
3302 4177 3522 4229 πάντων
3548 4176 3658 4228 τῶν
3711 4196 3826 4248 παρ

2271 4265 2498 4335 Ἕλλησι
2529 4266 2708 4334 σοφῶν
2734 4267 2981 4336 δόγματα
3025 4270 3083 4320 ἐν
3117 4268 3376 4340 τέσσαρσι
3414 4268 3645 4339 βιϐλίοις
3681 4273 3752 4333 ’⁵,
3779 4271 3848 4323 τὰ

2267 4354 2323 4408 δὲ
2357 4357 2471 4418 τοῖς
2502 4356 2880 4427 αίρεσιάρχαις
2924 4358 2966 4388 ¹⁶
2991 4359 3048 4410 ἐν
3082 4357 3274 4423 πέντε,
3302 4358 3397 4410 νῦν
3419 4359 3509 4410 τὸν
3550 4360 3683 4429 περὶ
3712 4360 3848 4430 ἀλη-

2270 4445 2421 4508 θείας
2449 4446 2607 4514 λόγον
2635 4447 2693 4498 ἐν
2725 4452 2773 4500 α’
2795 4447 2836 4478 ¹⁷
2875 4446 3236 4518 ἐπιδείξομεν,
3271 4449 3844 4518 ἀνακεφαλαιούμενοι

591 4546 736 4585 nium
770 4530 1010 4584 omnium
1040 4529 1258 4599 placita.
1293 4529 1604 4585 Graecorum
1650 4530 1795 4584 enim
1831 4531 2167 4600 dogmatista:

2273 4537 2488 4607 πρῶτον
2513 4538 2580 4590 τὰ
2611 4540 2745 4591 πᾶσι
2771 4539 3125 4611 δεδοκημένα.
3150 4541 3214 4592 υἱ
3243 4540 3345 4610 μὲν
3375 4540 3483 4610 γὰρ
3503 4542 3612 4594 τῶν
3653 4542 3844 4614 Ἐλλή-

588 4641 711 4680 cum
745 4625 1141 4695 philosophiam
1187 4626 1450 4680 trifariam
1486 4623 1794 4690 diviserint,
1830 4624 1902 4678 ita
1931 4621 2162 4692 philoso-

2272 4645 2378 4680 νων
2425 4628 2789 4698 δογματισταὶ
2837 4629 2934 4700 τὴν
2977 4629 3296 4699 φιλοσοφίαν
3353 4634 3517 4701 τριχῆ
3574 4632 3844 4695 διελόντες

590 4719 741 4790 phati
787 4729 936 4783 sunt,
970 4718 1058 4771 alii
1087 4719 1367 4789 physicen,
1399 4718 1491 4772 alii
1530 4718 1767 4783 ethicen,
1803 4715 1889 4769 alii
1927 4715 2169 4768 dialecti-

2273 4714 2446 4779 οὕτως
2476 4717 2902 4788 ἐφιλοσόφησαν,
2944 4721 2993 4771 οἱ
3023 4719 3122 4790 μέν
3151 4720 3410 4790 φυσικὴν,
3443 4722 3493 4772 οἱ
3527 4721 3584 4773 δὲ
3619 4721 3840 4794 ἠθικὴν,

590 4824 688 4864 ceu
737 4820 1134 4878 nuncupautes.
1182 4808 1247 4862 Et
1285 4808 1374 4879 qui
1423 4808 1702 4879 physicen,
1736 4808 1953 4860 fuerunt
2001 4804 2076 4871 hi,
2109 4802 2164 4856 iu

2273 4809 2322 4862 οἱ
2357 4808 2415 4862 δέ
2459 4809 2804 4880 διαλεκτικὴν
2856 4812 3422 4883 προσαγορεύσαντες.
3479 4814 3591 4868 Καὶ
3642 4818 3690 4868 ot
3742 4817 3840 4886 μὲν

660 5056 813 5112 Sext.
853 5058 1056 5126 Emplr.
1095 5057 1230 5112 Adv.
1272 5055 1488 5126 Physic.
1527 5071 1582 5118 ι.
1617 5053 1644 5124 §
1688 5053 1793 5126 510
1830 5068 1950 5122 sqq.
1988 5069 2041 5122 p.
2091 5053 2169 5109 68‘

2272 5069 2349 5126 qq.
2389 5074 2403 5110 :
2453 5056 2591 5124 Περὶ
2624 5055 2888 5123 γενέσεως,
2923 5055 3018 5108 καὶ
3051 5056 3276 5126 φθορᾶς.
3331 5056 3395 5108 Ἦ
3447 5057 3547 5126 μὲν
3577 5059 3843 5125 γενέσεως

588 5129 684 5180 καὶ
716 5129 923 5198 φθορᾶς
955 5123 1197 5198 ζήτησις
1233 5123 1552 5198 συνίσταται
1579 5123 1693 5198 τοῖς
1721 5125 2048 5198 Σκεπτικοῖς
2092 5123 2234 5198 πρὸς
2270 5123 2395 5198 τοὺς
2417 5123 2684 5198 φυσικοὺς
2711 5126 2896 5195 σχεδόν
2931 5141 2982 5198 τι
3017 5123 3287 5198 περιεὼν
3329 5123 3467 5198 ξ’)λων
3488 5142 3500 5154 ·
3551 5123 3605 5198 εί
3641 5145 3706 5194 γε
3737 5131 3841 5181 τῶν

589 5193 946 5268 σκεψαμένων
987 5193 1250 5268 περὶτῆς
1300 5195 1421 5268 τοῦ-
1453 5195 1654 5268 παντὸς
1681 5193 2258 5268 ⁸συστάσεωςμοίμιέν
2305 5195 2381 5268 ’ἐξ
2411 5195 2542 5268 Δἐνὸς
2593 5193 2998 5268 ἐγέννησαν-τάξ
3019 5193 3399 5268 πά’ντα,ίοίξδ’-
3424 5198 3488 5268 ἐκ
3541 5193 3838 5250 πλειόνωνο

591 5261 815 5321 καὶτῶν
856 5269 915 5334 ἐξ
945 5261 1140 5330 ἐνὸςόί
1178 5261 1274 5336 μὲν
1309 5265 1369 5330 ἐξ
1399 5265 1618 5332 ἀποίου,
1646 5265 1696 5317 οἱ
1729 5263 1786 5315 δέ
1815 5265 1879 5317 ἐκ
1905 5261 2062 5317 ποιοῦ
2087 5279 2100 5293 °
2135 5261 2231 5316 καὶ
2261 5264 2372 5318 τῶν
2406 5265 2472 5317 ἐκ
2507 5261 2662 5318 ποιοῦ
2699 5267 2749 5318 οἱ
2775 5261 2872 5337 μὲν
2896 5265 2956 5329 ἐξ
2977 5265 3158 5334 ἀέρος,
3197 5267 3244 5317 οἱ
3275 5265 3319 5319 δ’
3342 5265 3403 5330 ἐξ
3435 5266 3652 5333 ὕδατος,
3702 5268 3842 5337 ofﬂa

1861 5414 2100 5472 ΫΑΒΙιΕ
2133 5415 2532 5475 LECTIONES.

658 5579 691 5650 '7
710 5579 1002 5650 Ἐπιτομὴ.
1048 5578 1168 5650 Ἐπὶ
1192 5577 1269 5650 τῷ
1290 5577 1377 5650 ,μὴ
1396 5577 1472 5650 C._
1535 5580 1556 5650 ξ
1586 5578 1849 5650 τῶν-οη).Δ
1868 5575 1931 5650 C_.
2007 5576 2063 5650 _‘_°
2089 5575 2383 5650 πρόσιμεν,
2408 5578 2710 5650 πρόσειμεν
2746 5579 2811 5635 C.
2890 5581 2930 5614 “
2959 5581 3230 5636 Lacunam
3255 5589 3486 5648 CXPICVII
3507 5579 3578 5635 M.
3619 5649 3628 5650 ί
3661 5583 3705 5614 η
3731 5581 3841 5634 ἀλλ’

586 5642 650 5716 ᾧ.
672 5648 785 5702 ἀλλ’
815 5642 982 5713 ὡς’οξ
1091 5649 1134 5680 ¹⁸
1173 5642 1646 5719 ἀληθὴςκάληθεὶς
1673 5646 1735 5719 (3.
1815 5647 1860 5719 ‘_"
1893 5642 2327 5719 ἀκαλλώπιστός,
2361 5642 2884 5713 ὃς.’ἀκαλ’λώπιστος
2909 5651 2973 5717 C,
3008 5650 3080 5705 M.
3195 5651 3240 5682 “
3275 5642 3516 5719 βιόλίοις.
3543 5649 3749 5719 βίελοις
3777 5650 3838 5706 C.

590 5719 635 5752 “
671 5719 798 5773 Post
824 5719 1213 5790 αῑρεσιάρχαις
1230 5717 1362 5790 cuni
1376 5717 1430 5772 Μ
1458 5717 2187 5790 656031;pévajnserenduur
2194 5732 2315 5773 esse
2343 5720 2998 5790 νίόοιυνςροιιΐειῇειυιεηι
3023 5720 3163 5775 infra
3187 5735 3242 5789 p.
3268 5717 3394 5783 502,
3414 5720 3503 5782 88,
3531 5717 3619 5774 ubi
3653 5722 3838 5775 eadem

586 5786 898 5844 recurrunt.
965 5790 1006 5821 "
1039 5786 1304 5845 ἐνἀΊίιε.
1331 5786 1667 5859 Βθτηθγείυὲ
1688 5789 1740 5842 in
1767 5786 1868 5848 Ep.
1901 5789 2022 5842 crit.
2055 5788 2122 5840 ad
2146 5786 2470 5843 Bunsenium
2495 5806 2516 5842 .·
2548 5791 2644 5845 ἕνα
2668 5789 2731 5852 C.
2766 5789 2835 5857 Μ,
2867 5793 2960 5859 qui
2994 5791 3074 5846 ἐνὶ
3097 5786 3377 5860 legendum
3409 5795 3531 5846 esse
3555 5800 3734 5848 nutat.
