4124 6510
488 536 509 553 ,
553 470 693 535 3409

2043 462 2412 527 ORIGENIS

3689 457 3835 524 3410

556 596 807 641 amantes
849 591 999 651 sunt,
1046 581 1328 639 Sadduczei
1369 587 1553 636 autem
1599 578 1683 635 sui
1727 578 1985 648 ipsorum.
2022 578 2140 633 llaec

2248 573 2583 645 φιλάλληλοι,
2633 574 2680 625 οἱ
2711 572 2768 626 δὲ
2800 570 3147 625 Σαδδουκαῖοι
3175 568 3446 639 φίλαυτοι.
3495 567 3645 641 Αὕτη
3677 572 3711 641 ἡ
3743 573 3833 625 ατ-

556 690 706 735 secta
742 678 794 733 in
829 675 1073 731 Samaria
1103 675 1392 731 admodum
1422 671 1729 744 prazvaluit.
1774 669 1842 723 Et
1877 670 1976 739 ipsi
2015 685 2143 724 vero

557 773 625 828 ad
678 772 813 842 legis
864 785 1043 825 mores
1090 756 1151 823 se
1202 767 1524 837 applicant,
1586 766 1830 820 dicentes
1894 774 2145 827 oportere

500 918 503 921 λ
557 876 829 934 quemque
875 862 950 916 ita
1004 861 1208 924 vivere,
1252 869 1310 912 ut
1358 857 1584 928 pulchre
1614 856 1761 911 vivat
1795 864 1849 909 ct
1894 852 2035 907 ﬁlios
2090 853 2143 906 in

561 965 704 1009 terra
749 952 1046 1022 relinquat.
1086 953 1165 1007 Ad
1192 951 1484 1021 prophetas
1510 957 1694 1002 autem
1745 962 1850 1000 non
1884 960 1944 1000 se
1975 943 2146 1013 appli-

558 1060 709 1110 cant,
735 1062 915 1117 neque
945 1047 1013 1101 ad
1054 1046 1189 1101 ullos
1216 1045 1352 1099 alios
1383 1042 1677 1113 sapientes,
1726 1040 1830 1095 nisi
1870 1038 2041 1095 solum
2076 1038 2143 1091 ad

556 1142 725 1197 Mosis
756 1142 951 1211 legem,
984 1140 1120 1194 nihil
1163 1140 1607 1209 interpretantes.
1655 1136 1781 1191 Haec
1806 1134 1968 1205 igitur
1993 1139 2140 1195 sunt,

557 1250 677 1303 qum
711 1243 764 1288 et
796 1232 1075 1287 Sadducazi
1108 1231 1355 1301 diligunt.

628 1325 720 1379 '50.
763 1324 1027 1389 Quoniam
1083 1323 1245 1392 igitur
1292 1331 1346 1377 et
1400 1337 1520 1393 qua:
1572 1321 1716 1377 inter
1760 1319 1971 1376 Judteos
2015 1328 2142 1376 sunt

558 1414 895 1471 differentias
920 1415 1289 1483 exposuimus,
1322 1427 1631 1484 congruens
1672 1412 1805 1466 mihi
1834 1426 1958 1467 esse
1989 1412 2142 1468 vide-

561 1516 667 1571 tur,
700 1506 860 1561 etiam
888 1504 1090 1560 cultum
1120 1518 1308 1559 eorum
1342 1503 1586 1559 divinum
1620 1502 1841 1557 silentio
1868 1517 1975 1558 non
2003 1518 2141 1572 prte-

560 1601 880 1655 termittere.
924 1600 1026 1654 Est
1065 1599 1232 1665 igitur
1278 1597 1421 1667 apud
1461 1594 1678 1651 Judzeos
1726 1595 1780 1649 in
1826 1595 2138 1650 universum

558 1689 803 1744 doctrina
849 1688 918 1742 de
962 1686 1108 1742 cultu
1170 1687 1354 1741 divino
1399 1684 1777 1754 quadruplex:
1813 1684 2137 1753 theologica,

555 1780 839 1845 naturalis,
899 1778 1146 1840 moralis,
1212 1778 1539 1846 hierurgica.
1593 1776 1663 1831 Et
1720 1777 1880 1833 deum
1920 1779 2138 1848 quidem

554 1889 722 1930 unum
752 1888 872 1928 esse
893 1872 1070 1937 aiunt,
1104 1880 1160 1926 et
1180 1870 1428 1939 opificem
1461 1869 1702 1924 universi
1737 1880 1793 1924 et
1828 1870 2136 1933 Dominum,

554 1967 646 2036 qui
671 1966 862 2022 fecerit
890 1964 1165 2029 universa,
1197 1977 1320 2017 cum
1366 1972 1525 2016 antea
1566 1976 1676 2016 non
1721 1961 1927 2016 fuerint
1966 1976 2140 2029 neque

536 2074 628 2115 .ex
654 2056 972 2125 subiacente
991 2056 1226 2124 quadam
1249 2053 1551 2109 substantia
1581 2067 1785 2118 coaeva,
1817 2053 1913 2108 sed
1948 2053 2139 2107 volens

559 2161 616 2208 et
652 2164 867 2213 creans,
905 2154 961 2202 et
1005 2162 1130 2203 esse
1159 2146 1379 2216 angelos
1416 2160 1618 2215 eosque
1661 2146 1833 2201 factos
1882 2145 1949 2200 ad
1978 2145 2141 2201 mini-

558 2241 840 2298 strattdum
883 2239 1045 2293 rebus
1071 2237 1295 2304 creatis,
1328 2250 1512 2291 verum
1535 2250 1659 2292 esse
1693 2236 1857 2291 etiam
1889 2235 2140 2305 spiritum

558 2340 845 2409 quemdam
879 2344 1158 2407 potentem
1190 2333 1256 2387 ad
1286 2331 1674 2388 celebrandum
1709 2338 1768 2384 et
1814 2327 2140 2382 laudandum

558 2432 697 2501 apud
729 2431 894 2485 Deum
933 2442 1146 2497 semper
1176 2434 1582 2495 permanentem
1608 2438 1623 2488 ;
1648 2419 1833 2475 omnia
1877 2430 2059 2475 autem
2088 2420 2140 2472 in

558 2525 720 2581 rebus
768 2522 971 2579 creatis
1007 2534 1226 2575 sensum
1282 2517 1506 2581 habere,
1563 2514 1808 2584 nihilque
1856 2526 1977 2569 esse
2022 2511 2143 2566 ina-

556 2613 724 2668 nime.
778 2612 842 2667 Et
895 2609 1140 2664 moribus
1197 2606 1418 2662 student
1465 2604 1709 2660 honestis
1777 2602 2142 2669 modesteque

558 2703 704 2768 vitm,
734 2701 893 2757 sicuti
923 2715 988 2754 cx
1019 2699 1230 2768 legibus
1255 2709 1587 2765 cognoscere
1623 2695 1770 2750 licet.
1805 2692 1930 2748 llaec
1960 2702 2139 2747 autem

553 2797 682 2851 olim
729 2804 985 2850 accurate
1026 2791 1246 2846 dellnita
1285 2799 1444 2845 erant
1480 2788 1622 2857 apud
1660 2788 1826 2857 ipsos,
1872 2786 1961 2856 qui
2005 2784 2144 2839 anti-

554 2889 761 2957 quitus,
809 2901 919 2939 non
968 2899 1140 2954 nuper
1181 2881 1354 2952 legem
1396 2880 1652 2935 traditam
1683 2885 2029 2947 acceperunt,
2066 2877 2139 2929 ita

556 2991 615 3034 ut
656 2979 826 3033 lector
865 2982 1142 3045 stupescat
1185 2975 1237 3029 in
1276 2983 1424 3028 tanta
1478 2972 1740 3027 modestia
1783 2978 1838 3024 et
1885 2978 2140 3022 accurata

555 3072 834 3142 diligentia
863 3084 1075 3125 morum
1113 3065 1318 3122 homini
1351 3066 1469 3133 lege
1492 3071 1833 3119 sanctorum.
1859 3059 2141 3128 Hierurgi-

557 3182 679 3221 cum
723 3174 904 3218 autem
954 3160 1317 3216 ministerium
1348 3157 1693 3227 summopere
1744 3156 2017 3210 excultum
2058 3161 2144 3208 est

557 3256 698 3325 apud
741 3270 862 3318 eos,
896 3253 1155 3307 decenter
1188 3248 1400 3306 nttmini
1429 3248 1613 3303 divino
1649 3247 2140 3308 accommodatum,

557 3347 717 3403 sicuti
748 3346 815 3401 iis
837 3345 927 3413 qui
953 3343 1161 3406 volunt,
1189 3343 1234 3397 si
1259 3342 1480 3406 librum,
1504 3340 1597 3410 qui
1624 3340 1690 3395 de
1716 3340 1800 3395 his
1823 3340 1983 3394 rebus
2007 3340 2139 3409 agit,

557 3438 763 3510 legunt,
796 3434 1150 3509 ﬁsa-5,93
1181 3431 1339 3487 facile
1371 3440 1457 3487 est
1487 3431 1729 3499 cognitu,
1764 3445 1927 3499 quam
1975 3430 2145 3485 hone-

557 3540 642 3586 ste
663 3538 718 3584 et
746 3528 998 3597 religiose
1022 3526 1129 3581 Deo
1156 3523 1450 3580 oll‘erentes
1476 3522 1746 3593 primitias
1778 3536 1988 3586 eorum,
2022 3535 2144 3591 quae

557 3624 628 3679 ab
668 3622 787 3692 ipso
831 3621 883 3675 in
940 3634 1096 3673 usum
1139 3626 1196 3672 et
1235 3619 1578 3672 commodum
1625 3615 1904 3670 hominum
1942 3614 2141 3669 donata

561 3725 709 3781 sunt,
741 3712 857 3781 ejus
891 3711 1043 3783 jussu
1073 3709 1322 3765 ordinate
1350 3719 1406 3764 et
1441 3708 1659 3763 assidue
1685 3704 2137 3761 ministraverint.

561 3805 763 3861 Horum
793 3814 974 3858 autem
1009 3801 1188 3871 aliqua
1215 3799 1497 3855 Sadducmi
1518 3807 1757 3867 negant;
1788 3798 1974 3852 nolunt
1994 3796 2140 3852 enim

558 3898 780 3969 angelos
817 3896 902 3951 vel
948 3895 1173 3965 spiritus
1210 3902 1452 3949 exstare.
1503 3892 1704 3949 Omnes
1753 3901 1934 3946 autem
1977 3888 2140 3946 simili

561 3991 721 4047 tnodo
765 3989 1040 4046 Christum
1090 3994 1430 4057 exspectant,
1480 4000 1605 4039 cum
1649 3984 1734 4039 lex
1780 3992 1834 4039 et
1866 3984 2143 4053 propheta:

561 4086 920 4139 adventuram
951 4079 1457 4152 praenuntiaverint,
1502 4077 1669 4134 Judaei
1706 4088 1885 4132 autem
1928 4086 2141 4147 tempus

558 4174 677 4241 ejus
722 4172 988 4227 adventus
1049 4186 1153 4225 non
1202 4170 1558 4241 agnoverint,
1615 4170 1687 4223 ita
1744 4178 1803 4223 ut
1861 4180 2141 4224 remaneat

560 4263 797 4332 suspicio
832 4261 1167 4329 putantibus,
1196 4276 1282 4324 ea,
1320 4275 1440 4330 quae
1475 4260 1542 4316 de
1582 4260 1815 4315 adventu
1852 4257 1973 4326 ejus
1998 4259 2140 4314 dicta

558 4361 707 4415 sunt,
750 4366 857 4405 non
888 4365 1011 4405 esse
1043 4350 1285 4419 impleta,
1321 4358 1647 4420 exspectent
1689 4359 1871 4405 autem
1893 4348 2004 4417 jam
2047 4349 2141 4404 ad-

560 4452 847 4498 ventnrum
902 4440 1203 4505 Christum,
1256 4441 1383 4511 quia
1427 4456 1548 4495 eum
1600 4456 1721 4494 cutn
1768 4440 1986 4495 advenit
2034 4455 2138 4495 non

2255 684 2401 740 ρεσις
2457 666 2585 736 περὶ
2627 665 2725 735 τὴν
2759 664 3078 735 Σαμάρειαν
3121 662 3324 735 μᾶλλον
3355 662 3688 734 ἐκρατύνθη.
3721 665 3834 719 Καὶ

2251 757 2404 811 αὐτοὶ
2434 756 2490 808 δὲ
2540 758 2652 817 τοῖς
2682 754 2776 808 τοῦ
2804 754 2972 823 νόμου
2997 752 3151 806 ἔθεσι
3184 752 3539 823 προσέχουσι,
3575 752 3833 822 λέγοντες

2249 849 2359 903 δεῖν
2381 846 2524 900 οὕτω
2556 845 2677 917 ζῇν,
2713 846 2801 901 ἴνα
2824 845 3004 908 καλῶς
3029 845 3205 916 βιώσῃ
3237 846 3328 898 καὶ
3359 846 3370 914 1
3402 844 3570 898 τέκνα
3600 846 3694 897 ἐπὶ
3724 845 3834 914 γῆς

2252 939 2579 1009 καταλείπῃ.
2624 939 2936 1008 Προφήταις
2968 938 3023 990 δὲ
3061 936 3120 989 οὺ
3152 935 3534 1008 προσέχουσιν,
3566 934 3682 988 ἀλλ’
3711 934 3833 989 οὐδὲ

2252 1033 2460 1103 ἐτέροις
2503 1032 2616 1086 τισὶ
2665 1033 2872 1099 σοφοῖς,
2925 1029 3066 1101 πλὴν
3115 1028 3264 1100 μόνῳ
3313 1028 3394 1098 τῷ
3444 1027 3534 1081 διὰ
3585 1028 3834 1091 Μωσέως

2252 1125 2422 1195 νόμῳ,
2452 1125 2618 1197 μηδὲν
2644 1123 3061 1195 ἑρμηνεύοντες.
3091 1122 3277 1176 Ταῦτα
3302 1121 3403 1193 μὲν
3429 1116 3548 1187 οὖν,
3593 1120 3631 1176 ἃ.
3664 1122 3759 1177 καὶ
3779 1123 3831 1176 oi

2251 1218 2599 1271 Σαδδουκαῖοι
2626 1216 3012 1288 αίρετίζουσιν.

2319 1312 2384 1365 λ’.
2424 1312 2577 1365 Ἐπεὶ
2603 1311 2784 1364 τοίνυν
2812 1309 3024 1372 καὶτὰς
3053 1307 3204 1379 παρὰ
3245 1306 3524 1369 Ἰουδαίοις
3565 1304 3831 1377 διαφορὰς

2249 1404 2608 1476 ἐκτεθείμεθα
2628 1406 2697 1469 ⁸³,
2739 1402 2958 1472 εῠλογον
2999 1403 3147 1457 δοκεῖ
3185 1404 3281 1456 καὶ
3314 1402 3411 1472 τὴν
3445 1401 3682 1471 ἄσκησιν
3730 1401 3833 1470 τῆς

2248 1498 2453 1553 τούτων
2490 1497 2801 1560 θεοσεὸείας
2834 1497 2909 1569 μὴ
2934 1496 3322 1567 παρασιωπᾷν.
3360 1496 3520 1548 Ἔστι
3544 1493 3644 1565 μὲν
3679 1489 3831 1564 οὖνὴ

2248 1591 2391 1647 κατὰ
2429 1591 2638 1655 πάντας
2696 1590 2984 1652 Ἰουδαίους
3022 1589 3167 1643 κατὰ
3194 1589 3294 1661 τὴν
3328 1588 3645 1643 θεοσέϐειαν
3682 1603 3832 1658 πρα-

2247 1683 2481 1756 γματεία
2506 1686 2765 1755 τετραχῆ,
2802 1681 3110 1751 θεολογικὴ,
3141 1680 3374 1752 φυσικὴ,
3397 1679 3587 1750 ἠθικὴ,
3614 1680 3832 1748 ἱερουρ-

2247 1778 2398 1848 γική.
2430 1776 2541 1829 Καὶ
2557 1775 2648 1831 τὸν
2671 1775 2768 1845 μὲν
2787 1774 2919 1829 Θεὸν
2940 1774 3038 1829 ἕνα
3063 1769 3202 1828 εἶναι
3234 1772 3474 1843 λέγουσι,
3494 1771 3830 1842 δημιουργόν

2247 1884 2308 1919 τε
2349 1866 2445 1920 τοῦ
2485 1865 2686 1929 παντὸς
2718 1867 2814 1919 καὶ
2841 1864 3096 1937 Κ[ύριον]
3119 1864 3187 1927 ⁸⁸,
3231 1865 3537 1935 ποιήσαντα
3552 1862 3732 1916 πάντα
3764 1860 3828 1915 οὐ

2172 1948 2214 2003 Β
2243 1955 2508 2027 πρότερον
2551 1954 2731 2028 δ[ντα]
2751 1955 2820 2014 ⁸⁵,
2847 1955 2968 2007 οὐδὲ
2999 1953 3062 2011 ἐκ
3101 1969 3248 2017 τινος
3294 1950 3669 2020 ὑποκειμένης
3696 1964 3832 2015 συγ-

2242 2044 2436 2118 χρόνου
2495 2045 2718 2109 οὐσίας,
2777 2041 2939 2114 ἀὶλλὰ
2994 2040 3328 2113 θιελήσαντα
3371 2040 3467 2093 καὶ
3524 2037 3829 2102 κτίσαντι,

2244 2133 2385 2191 εἷναί
2409 2154 2468 2189 τε
2493 2135 2781 2205 ἀγγέλους,
2813 2135 2910 2188 καὶ
2946 2133 3173 2197 τούτους
3203 2133 3530 2204 γενομένους
3552 2130 3689 2200 πρὸς
3710 2130 3831 2183 λειε-

2241 2229 2505 2301 τουργίαν
2537 2227 2640 2297 τῆς
2662 2227 2917 2291 κτίσεως,
2949 2226 3086 2280 ἀλλὰ
3106 2225 3201 2281 καὶ
3232 2224 3451 2295 πνεῦμα
3481 2224 3830 2289 ἐξουσιαστιο

2241 2324 2335 2376 κδν
2365 2322 2504 2393 πρὸς
2523 2320 2678 2387 δόξαν
2722 2322 2818 2377 καὶ
2844 2315 2993 2375 αἶνον
3022 2320 3141 2391 Θεῷ
3174 2322 3263 2374 ἀεὶ
3296 2318 3615 2389 παραμένον
3640 2316 3710 2348 ⁸⁸·
3749 2315 3824 2368 τὰ

2243 2414 2422 2468 πάντα
2454 2414 2511 2466 δὲ
2534 2415 2593 2466 ἐν
2615 2416 2680 2484 τῇ
2714 2412 2888 2467 κτίσει
2918 2412 3174 2482 αἴσθησιν
3191 2411 3338 2481 ἔχειν
3363 2411 3461 2463 καὶ
3490 2410 3655 2481 μηδὲν
3684 2403 3833 2461 εἶναι

2240 2504 2470 2575 ἄψυχον.
2513 2503 2717 2565 Ἤθους
2755 2520 2814 2556 τε
2865 2501 3274 2557 ἀντιποιοῦνται
3322 2500 3528 2571 σεμνοῦ
3568 2499 3666 2554 καὶ
3717 2496 3832 2552 σώ-

2243 2613 2438 2668 φρονος
2472 2595 2607 2665 βίου,
2641 2594 2825 2659 καθὼς
2853 2595 3005 2649 ἐστιν
3036 2596 3101 2648 ἐκ
3139 2594 3249 2647 τῶν
3281 2594 3466 2664 νόμων
3498 2592 3826 2661 ἐπιγνῶναι.

2241 2689 2425 2742 Ταῦτα
2456 2688 2513 2742 δὲ
2540 2689 2708 2741 πάλαι
2729 2688 3138 2759 ἀκριϐαζόμενα
3169 2683 3237 2757 ἦν
3264 2688 3392 2759 παρ’
3416 2686 3623 2749 αὐτοῖς,
3656 2683 3833 2754 ἀρχῆ-

2242 2781 2354 2847 θεν,
2386 2779 2495 2852 [ού]
2528 2782 2724 2834 νεωστὶ
2754 2782 2799 2813 ⁸⁸
2839 2782 2930 2835 τὸν
2959 2781 3124 2850 νόμον
3156 2778 3579 2851 παρειληφόσιν,
3619 2774 3696 2839 ὡς
3734 2776 3831 2829 τὸν

2241 2873 2639 2943 ἐντυγχάνοντα
2661 2873 3085 2943 καταπλαγῆναι
3112 2873 3207 2926 ἐπὶ
3234 2871 3475 2945 τοσαύτῃ
3497 2868 3832 2942 σωφροσύνῃ

2240 2966 2331 3019 καὶ
2359 2966 2650 3037 ἐπιμελείᾳ.
2677 2966 2773 3019 τοῦ
2805 2966 2936 3036 περὶ
2968 2966 3059 3020 τὸν
3089 2966 3377 3035 ἄνθρωπον
3428 2961 3833 3034 νομοθετουμέ-

2239 3077 2331 3114 νου
2351 3060 2539 3130 ἢθους.
2573 3060 2742 3130 Ἰερου
2752 3059 2914 3131 ργικὴ
2929 3059 2987 3111 δὲ
3005 3059 3318 3129 λειτουργία
3336 3058 3522 3128 ἄκρως
3553 3056 3830 3125 ἐξήσκητο

2242 3152 2371 3223 παρ’
2394 3154 2578 3215 αὐτοῖς
2599 3150 2951 3222 εὐσχημόνως
2972 3151 3108 3221 πρὸς
3130 3151 3191 3203 τὺ
3201 3150 3355 3204 Θείον
3379 3147 3827 3221 προσφερομένη,

2243 3246 2429 3311 καθὼς
2467 3249 2581 3310 τοῖς
2619 3245 2966 3317 βουλομένοις
3010 3244 3194 3318 ῥᾴδιόν
3236 3246 3385 3298 ἐστιν
3415 3242 3704 3313 ἐντυχοῦσι
3757 3243 3829 3313 τῇ

2245 3340 2373 3412 περὶ¹
2406 3339 2609 3393 τούτων
2632 3338 3031 3410 ἐξαγορευούσῃ
3067 3337 3234 3410 βίϐλῳ
3262 3337 3473 3408 μαθεῖν,
3509 3337 3585 3400 ὼς
3612 3336 3830 3408 σεμνῶς

2245 3430 2326 3504 [p.
2364 3431 2673 3503 δοῖ-509]
2715 3433 2809 3487 καὶ
2846 3433 3010 3497 ὁσίως
3039 3432 3117 3504 τῷ
3145 3432 3266 3504 Θεῷ
3312 3432 3693 3502 ἀπαρχόμενοι
3718 3430 3831 3484 τῶν

2244 3528 2378 3597 παρ’
2426 3526 2592 3580 αὑτοῦ
2622 3527 3017 3597 δεδωρημένων
3048 3528 3127 3591 εἰς
3159 3527 3357 3597 χρῆσιν
3397 3525 3494 3579 καὶ
3522 3524 3831 3579 ἀπόλαυσιν

2243 3617 2589 3689 ἀνθρώπων,
2630 3619 2978 3689 κελευόμενοι
3029 3619 3312 3683 εὐτάκτως
3354 3619 3452 3672 καὶ
3490 3617 3829 3688 παραμόνως

2244 3708 2643 3780 ἐλειτούργουν.
2683 3710 2902 3765 Τούτων
2933 3711 2991 3764 δέ
3033 3729 3156 3765 τινα
3205 3712 3257 3764 οί
3311 3710 3661 3764 Σαδδουκαῖοι
3717 3709 3828 3762 ἁπ-

2243 3800 2634 3870 αγορεύουσιν·
2665 3801 2726 3854 ού
2748 3801 2858 3872 γὰρ
2891 3800 3171 3871 βούλονται
3203 3803 3246 3834 δ’
3275 3801 3543 3870 ἀγγέλους
3573 3802 3607 3873 ἢ
3658 3801 3827 3855 πνεύ-

2246 3908 2394 3963 ματα
2424 3892 2711 3964 ὑπάρχειν.
2740 3895 2805 3947 Ol
2850 3894 2908 3948 δὲ
2939 3895 3142 3958 πάντες
3165 3895 3366 3966 ὁμοίως
3388 3896 3623 3965 Χριστὸν
3654 3910 3827 3965 προσ-

2240 3981 2506 4051 δέχονται,
2558 3980 2656 4035 τοῦ
2709 3985 2810 4053 μὲν
2868 3984 3038 4053 νόμου
3123 3986 3220 4039 κει)⁸
3270 3985 3381 4038 τῶν
3430 3985 3734 4056 προφητῶν
3780 3985 3827 4019 ⁸⁸

2244 4075 2624 4145 παρεσόμενον
2669 4076 3158 4148 προκηρυξὰντων,
3196 4077 3307 4132 τῶν
3355 4078 3401 4111 ⁸⁸
3440 4078 3498 4131 δέ
3555 4079 3829 4133 Ἰουδαίων

2241 4166 2331 4218 τὸν
2375 4166 2566 4238 καιρὸν
2600 4170 2697 4239 τῆς
2746 4169 3055 4240 παρουσίας
3109 4171 3184 4241 μὴ
3217 4170 3570 4239 ἐπιγνόντων,
3611 4170 3735 4244 [ὡς]
3780 4172 3827 4205 ’⁸

2245 4258 2532 4328 ἐπιμένειν
2553 4260 2651 4330 τὴν
2671 4261 2929 4316 ὑπόνοιαν
2951 4261 3044 4315 τοῦ
3068 4263 3247 4316 δοκεῖν
3265 4263 3339 4334 μὴ
3360 4262 3429 4317 τὰ
3444 4262 3760 4335 εἰιρημένα]
3778 4263 3827 4297 ⁹¹

2243 4352 2374 4423 περὶ
2404 4352 2506 4423 τῆς
2549 4354 2858 4425 παρουσίας
2888 4354 3237 4423 τετελέσθαι,
3268 4357 3578 4428 προσδοκᾷν
3627 4356 3686 4410 δὲ
3722 4356 3825 4428 ἥδη

2244 4442 2485 4512 Χριστὸν
2518 4444 2895 4515 παρεσόμενον
2925 4444 3014 4499 διὰ
3043 4446 3102 4499 τὸ
3132 4447 3376 4517 παρόντα
3403 4448 3447 4479 ⁸⁸
3477 4447 3551 4517 μὴ
3582 4447 3827 4515 ἐπεγνω-

509 4565 513 4567 λ
558 4535 901 4607 agnoverint,
952 4544 1006 4589 et
1046 4534 1204 4603 signa
1238 4543 1540 4603 temporum
1575 4532 1717 4601 quod
1748 4531 1860 4599 jam
1907 4531 2138 4587 adfuerit

2243 4533 2415 4599 κέναι,
2438 4535 2615 4588 καὶτὰ
2649 4535 2891 4607 σύμϐολα
2907 4538 3017 4590 τῶν
3045 4538 3255 4609 καιρῶν
3277 4537 3489 4610 τοῦ-ἥδη
3508 4556 3827 4610 παραγεγο-

559 4629 804 4680 videntes
828 4624 1216 4695 perturbentur
1248 4634 1303 4681 et
1344 4625 1542 4694 pudeat
1583 4639 1679 4680 eos
1721 4623 1966 4681 conﬁteri
2012 4642 2134 4680 eum

556 4718 791 4778 venisse,
836 4717 1096 4786 quoniam
1152 4718 1268 4771 suis
1321 4714 1574 4771 manibus
1619 4731 1743 4771 eum
1797 4719 2131 4782 necaverint,

556 4810 817 4881 indignati
848 4824 968 4863 cum
1017 4810 1085 4863 ab
1129 4824 1195 4862 eo
1226 4810 1708 4876 convincerentur,
1745 4809 1887 4879 quod
1928 4810 2136 4880 legibus

556 4916 662 4955 tton
688 4899 1077 4955 obedivissent.
1112 4899 1174 4953 Et
1208 4914 1355 4965 emn,
1385 4900 1475 4969 qui
1503 4899 1574 4955 ita
1602 4900 1800 4955 missus
1829 4909 1913 4955 est
1938 4914 1968 4954 a
1998 4900 2126 4964 Deo,

2156 5047 2227 5061 —

2241 4626 2389 4680 νέναι
2423 4628 2670 4698 ὁρῶντας
2708 4630 3071 4701 ταράττεσθαι
3104 4673 3118 4697 ,
3142 4632 3409 4687 αἰδεῖσθαί
3430 4650 3488 4686 τε
3537 4633 3827 4704 ὁμολογεῖν

2241 4716 2565 4789 ἐληλυθέναι
2593 4721 2659 4787 ’⁸,
2691 4722 2814 4775 ἐπεὶ
2842 4723 2889 4754 ⁵⁵
2923 4722 3238 4795 αὐτόχειρες
3281 4724 3447 4777 αὑτοῦ
3476 4725 3819 4795 γεγένηνται,

2242 4811 2673 4878 ἀγανακτοῦντες
2703 4814 3047 4885 ἐλεγχόμενοι
3067 4816 3158 4868 ὑπ’
3180 4814 3370 4877 αὐτοῦ.
3391 4817 3473 4869 δτι
3494 4818 3607 4879 τοῖς
3639 4815 3822 4887 νόμοις

2240 4902 2317 4973 μὴ
2346 4902 2684 4972 ὑπήκουσαν.
2719 4905 2831 4958 Καὶ
2861 4905 2954 4959 τὸν
2981 4905 3081 4977 μὲν
3113 4903 3286 4969 οὕτως
3310 4903 3691 4960 ἀποσταλέντα
3721 4905 3821 4958 ὑπὸ

557 5128 1289 5219 δισ’κούγτες,ἓαδδουκαίων
1321 5130 1985 5219 δὲηκαὶ-πρὸς“ἀ).λήλους⁴
2005 5136 2069 5219 to
2095 5136 2218 5219 ἔθος
2244 5137 2609 5219 ὀιγριὼτερον,
2640 5143 2699 5195 αῖ
2722 5158 2782 5219 τε
2807 5144 3080 5219 ἐπιμιξίαι
3117 5143 3252 5219 πρὸς
3279 5144 3405 5207 τοὺς
3432 5142 3653 5214 ὁμοίους
3682 5144 3821 5210 ἀπη-

555 5202 686 5264 νεῖς,
719 5200 794 5263 ὡς
823 5200 959 5272 πρὸς
988 5202 1328 5274 ἀλλοτρίους.
1367 5200 1606 5256 Τοιαῦτα
1629 5205 1727 5275 μὲν
1755 5200 1885 5280 περὶ
1917 5206 2028 5262 τῶν
2053 5212 2111 5263 ἐν
2152 5200 2424 5275 Ἰουδαίοις
2457 5200 3067 5284 φὶλοάοφούντωνέίχον
3094 5200 3288 5268 εἰπεῖν.

1842 5356 2081 5413 νΑιιιιλΕ
2116 5357 2519 5416 [Εοτιυκιςδ.

656 5486 702 5517 ⁸³
730 5486 1079 5559 ἐκτεθήμεθα

556 5566 732 5608 ratum
763 5555 1115 5625 fuisseptttat
1145 5555 1213 5609 Μ.

1310 5487 1365 5589 “8:
1400 5488 1635 5589 ἔίύρινζν.
1684 5492 1911 5563 κτίστην
1967 5508 2118 5589 εἶπεν.

2252 5495 2498 5589 Stztlittus,
2554 5497 2765 5589 κόσμον
2816 5499 3151 5589 ‘liunperus':
3189 5500 3284 5553 καὶ
3315 5498 3546 5589 fortasse
3580 5495 3667 5589 bis
3689 5512 3818 5589 exn:

1399 5558 1547 5613 ὄντα.
1577 5562 1845 5617 Lacunam
1865 5558 2108 5630 cxplevit
2138 5564 2207 5618 Μ.

2307 5566 2351 5598 ⁸⁸
2391 5566 2728 5641 παραμένον
2771 5570 2861 5623 τὰ.
2914 5566 3321 5641 παραμένοντα’
3359 5571 3419 5635 t2,
3453 5568 3523 5622 Μ.
3561 5638 3571 5641 _
3603 5566 3652 5598 ⁸⁸
3688 5570 3820 5638 παρ’

555 5627 1046 5708 αὐτοῖςηὸξριχῆθεν,
1070 5627 1132 5680 οὐ
1158 5628 1351 5708 νεωστὶ
1381 5630 1688 5708 Sauppitts,_
1709 5635 1857 5703 rupi
1883 5627 1996 5708 “rei;
2035 5636 2140 5705 ὰρχ

2249 5657 2275 5689 ν
2299 5627 2486 5708 ίνεοστῗ
2511 5627 2573 5699 ϐ’,
2600 5640 2672 5706 Μ,
2696 5642 2787 5708 qtti
2821 5643 2871 5694 in
2909 5627 3007 5692 Ιιοιέ
3031 5627 3193 5694 νξιώυ
3227 5627 3737 5707 Ιιιιενθέιιερίιοκιυι·
3765 5627 3820 5690 ἐν

553 5696 691 5766 ὁρει.
775 5694 1151 5765 1’τβούλοντιιια

554 5784 624 5836 κη
635 5767 926 5836 ρυξάντων.
951 5766 1069 5822 Τῶν
1097 5768 1159 5832 C,
1186 5766 1271 5822 Μ.

1182 5697 1480 5788 β,ἳύ)“⁰ιῖξ⁰ξι
1506 5703 1568 5756 C-
1618 5702 1691 5788 ,’⁸
1715 5704 2030 5788 προφοητὼγ.
2064 5697 2360 5788 προφητῶν
2388 5708 2524 5788 τὸν-ξ
2559 5697 2845 5788 Sauppius.
2923 5712 2968 5742 ³⁸
3002 5697 3666 5788 προήκηρυξὰντωνξτών.
3696 5725 3821 5779 προσ

1369 5770 1940 5851 ’ξ’,έπξῖνόιντωῦςξὼξο
1985 5770 2323 5851 ἐπιγνόντων
2382 5780 2445 5841 (1,
2477 5780 2546 5845 Μ,
2599 5770 2962 5851 ἐπίγνόντων,
3026 5770 3244 5849 ἐγένετο
3271 5770 3471 5851 ⁷60111.
3516 5770 3815 5851 Βοισμεςῖιξ.

553 5840 598 5925 ξι
639 5838 867 5925 §ylla|ne
897 5840 1107 5925 ρημένα
1139 5843 1351 5925 ablata}.
1391 5839 1461 5898 Μ,
1492 5838 1566 5925 ,⁸³
1594 5843 1654 5896 τὸ
1688 5846 1952 5925 παρόντα,
1981 5838 2140 5925 res?»

2242 5838 2472 5925 ιράγταςι
2497 5921 2508 5925 _
2533 5838 2591 5925 ἐξ
2624 5838 2961 5924 δεῖ-ίρειιηυέ
2984 5838 3327 5924 ἐληλυθέναι.
3357 5838 3517 5907 Initio
3541 5838 3748 5904 laetius:
3767 5848 3817 5916 ι,

559 5910 610 5962 in
644 5912 747 5965 line
777 5925 854 5975 αι,
884 5919 939 5965 et
968 5910 1128 5980 paulo
1162 5922 1289 5969 ante
1318 5921 1573 5969 accentus
1620 5910 1973 5985 conspicitur.
2014 5915 2082 5970 Μ.

2242 5910 2386 5972 ἐπεὶ.
2425 5921 2519 5974 ἐπὶ
2550 5920 2613 5978 C.
