4124 6516
265 394 401 476 3411

1422 390 1719 480 CONTRA
1760 416 2129 479 Hxsussss
2164 415 2311 475 LIB.
2340 414 2444 473 1x.

3393 418 3536 491 3412

264 522 362 575 τοῦ
394 521 557 587 Θεοῦ,
591 522 826 594 Χριστὸν
855 525 956 579 ούκ
985 521 1127 581 εἶναι
1162 528 1350 582 τοῦτον
1375 528 1626 598 λέγουσιν
1652 549 1666 563 ’
1696 530 1851 583 ἐλεύ-

1961 529 2100 584 hunc
2133 527 2413 584 Christum
2459 542 2563 581 non
2615 540 2736 581 esse
2776 526 2980 594 dicunt,
3024 536 3311 583 venturum
3356 541 3533 588 autem

268 611 463 665 σεσθαι
512 613 571 666 δὲ
622 613 833 684 ἕτερον,
885 616 978 669 τὸν
1024 618 1127 671 ούκ
1160 618 1315 681 ὄντα,
1359 622 1439 684 είς
1467 620 1527 674 ὃν
1571 620 1643 675 τὰ
1669 620 1715 653 ’⁸
1751 620 1853 691 μὲν

266 702 517 772 σύμϐολα
541 706 606 759 ἐκ
638 706 841 777 μέρους
862 707 933 770 ’⁸,
968 708 1073 763 ὅσα
1102 711 1131 763 ό
1163 710 1328 779 νόμος
1364 712 1459 765 καὶ
1486 712 1539 765 οἱ
1571 712 1852 784 προφῆται

264 794 603 865 προέφηναν,
634 798 959 867 ὁμολογοῦσι
981 839 996 864 ,
1026 800 1151 853 τινὰ
1187 801 1245 853 δέ
1297 802 1392 855 καὶ
1426 801 1771 872 πλανώμενοι
1805 803 1851 835 ⁸⁷

264 886 549 956 νομίζουσι
577 903 591 916 ·
612 889 824 957 γένεσιν
854 891 952 960 μὲν
987 891 1097 963 γὰρ
1116 892 1279 946 αὑτοῦ
1311 894 1575 965 ἐσομένην
1604 894 1855 961 λέγουσιν

265 975 331 1027 ἐκ
353 976 550 1042 γένους
588 976 791 1043 Δαϐὶδ,
827 978 941 1030 ἀλλ’
976 979 1077 1032 οὐκ
1124 981 1189 1032 ἐκ
1237 979 1519 1051 Παρθένου
1560 982 1656 1037 καὶ
1696 980 1853 1049 ἀγίου

266 1068 623 1138 Πνεύματος,
655 1069 771 1121 ἀλλ’
802 1072 868 1123 ἐκ
900 1071 1163 1140 γυναικὸς
1208 1073 1305 1125 καὶ
1334 1072 1549 1144 ἀνδρὸς,
1584 1072 1661 1135 ὼς
1688 1074 1855 1126 πᾶσιν

266 1156 391 1228 δρος
432 1159 728 1225 γεννᾶσθαι
761 1159 808 1192 ’⁸
836 1162 903 1214 ἐκ
937 1162 1274 1232 σπέρματος,
1330 1162 1632 1231 φάσκοντες
1668 1163 1856 1216 τοῦτον

267 1247 531 1317 ἐσόμενον
564 1247 793 1318 βασιλέα
828 1250 913 1302 ἐπ’
942 1252 1166 1315 αὐτοὺς,
1204 1253 1378 1325 ἀνδρα
1406 1253 1738 1326 πολεμιστὴν
1761 1252 1856 1305 καὶ

266 1339 513 1405 δυνατὸν,
567 1340 628 1402 ὃς
685 1342 1021 1409 ἐπισυνάξας
1076 1342 1138 1395 τὸ
1184 1345 1296 1397 πᾶν
1346 1342 1498 1409 ἔθνος
1561 1342 1852 1405 Ἰουδαίων,

269 1428 450 1482 πάντα
480 1429 551 1482 τὰ
597 1430 725 1501 ἔθνη
768 1432 1123 1504 πολεμήσας,
1178 1434 1478 1503 ἀναστήσει
1529 1434 1713 1497 αὐτοῖς
1758 1433 1855 1504 τὴν

282 1517 646 1590 Ἰερουσαλὴμ
673 1521 827 1574 πόλιν
856 1520 1131 1592 βασιλίδα,
1158 1524 1238 1585 εἰς
1260 1524 1326 1595 ἠν
1357 1524 1674 1593 ἐπισυνάξει
1706 1524 1855 1579 ἀπαν

271 1609 334 1663 τὺ
359 1609 536 1675 ἔθνος,
566 1612 661 1664 καὶ
694 1612 857 1665 πάλιν
890 1615 983 1667 ἐπὶ
1007 1615 1075 1667 τὰ
1097 1616 1299 1685 ἀρχαῖα
1334 1614 1431 1687 ἔθη
1469 1616 1826 1688 ἀποκαταστή

276 1717 360 1753 σει
399 1701 689 1771 βασιλεῦον
731 1704 827 1756 καὶ
859 1705 1141 1776 ίερατεῦον
1189 1707 1284 1758 καὶ
1328 1706 1621 1759 κατοικοῦν
1656 1709 1714 1759 ἐν
1752 1724 1854 1759 πε-

275 1792 535 1862 ποιθήσει
587 1795 645 1846 ἐν
686 1794 899 1865 χρόνοις
944 1796 1187 1860 ίκανοίς’
1241 1796 1433 1851 ἔπειτα
1486 1798 1854 1865 ἐπαναστῆναι

271 1883 395 1938 κατ’
435 1882 615 1939 αὐτῶν
648 1885 883 1955 πόλεμον
929 1887 1395 1956 ἐπισυναχθέντων
1422 1904 1437 1919 ·
1471 1889 1531 1941 ἐν
1556 1889 1752 1959 ἐκείνῳ
1779 1889 1858 1960 τῷ

274 1974 503 2046 πολέμῳ
535 1979 723 2029 πεσεῖν
776 1977 869 2031 τὸν
914 1979 1148 2048 Χριστὸν
1187 1981 1245 2031 ἐν
1280 1980 1530 2052 μαχαίρῃ
1561 1980 1630 2045 ⁸⁸,
1665 1980 1857 2033 ἔπειτα

282 2067 405 2138 μετ’
457 2069 519 2121 οὐ
573 2069 711 2123 πολὺ
748 2070 849 2142 τὴν
900 2071 1221 2126 συντέλειαν
1262 2072 1358 2126 καὶ
1396 2072 1717 2142 ἐκπύρωσιν
1761 2072 1857 2124 τοῦ

275 2160 479 2223 παντὸς
504 2161 817 2231 ἐπιστῆναι.
846 2162 943 2219 καὶ
974 2162 1149 2227 οὕτως
1178 2163 1246 2217 τὰ
1278 2163 1408 2234 περὶ
1434 2163 1534 2233 τὴν
1563 2162 1859 2219 ἀνάστασιν

274 2239 639 2320 Ιδοξέξόμενα
677 2251 1110 2323 ἐπιτελεσθῆναι,
1143 2255 1243 2319 τάς
1266 2270 1326 2308 τε
1367 2252 1606 2323 ἀμοιϐὰς
1642 2253 1860 2323 ἑκάστῳ

275 2342 420 2393 κατὰ
448 2342 516 2395 τὰ
546 2343 911 2413 πεπραγμένα
941 2343 1293 2414 ἀποδοθῆναι.

349 2539 449 2593 λα’.
485 2541 643 2593 Δοκεῖ
687 2540 788 2609 μὲν
827 2541 962 2610 ἡμῖν
997 2540 1199 2605 ἱκανῶς
1226 2541 1298 2597 τά
1327 2543 1545 2595 πάντων
1591 2541 1861 2613 Ἐλλήνων

277 2649 334 2684 τε
387 2632 479 2685 καὶ
519 2630 816 2702 βαρϐάρων
843 2632 1094 2702 δόγματα
1134 2632 1475 2686 ἐκτεθεῖσθαι
1513 2634 1553 2698 ⁸,
1603 2633 1770 2703 μηδὲν
1802 2634 1859 2687 δὲ

278 2721 696 2775 ἀπολελοιπέναι
729 2722 749 2752 ⁸
789 2720 927 2791 μήτε
962 2720 1042 2793 [p.
1075 2721 1205 2787 ὅθι),
1234 2721 1366 2795 510]
1398 2722 1508 2776 τῶν
1535 2723 1861 2792 φιλοσοιξου-

282 2814 461 2883 μένων
488 2816 625 2885 μήτε
656 2815 763 2865 τῶν
784 2814 890 2869 ὑπὸ
916 2814 1215 2885 αἱρετικῶν
1252 2814 1665 2886 φ[ασκο]μ.ἐνων
1698 2816 1717 2851 ⁸
1767 2819 1863 2873 ἀν-

279 2902 618 2969 απόδεικτον,
654 2898 736 2967 οἷς
782 2902 842 2969 ἐξ
868 2902 1052 2956 αὐτῶν
1083 2902 1194 2957 τῶν
1240 2904 1577 2958 ἐκτεθέντων
1630 2905 1864 2975 φανερὸς

284 2994 569 3061 γεγένηται
601 2996 631 3045 ό
658 2994 879 3062 ἐλεγχος
913 2994 946 3064 ἦ
979 2994 1497 3064 κλεψιλογησάντων
1520 2995 1554 3064 ἦ
1576 3012 1702 3048 τινα
1730 2996 1860 3065 ἐρα-

282 3088 586 3154 νισαμένων
621 3085 763 3137 αύτά
794 3085 865 3136 τὰ
892 3084 995 3137 ὑπὸ
1051 3084 1323 3155 Ἐλλήνων
1356 3086 1710 3156 πεπονημένα
1757 3103 1863 3138 πα-

1954 633 2079 675 esse
2130 618 2318 683 alium,
2375 616 2468 686 qni
2520 617 2755 669 nondum
2800 625 2997 683 exstet,
3038 617 3090 671 in
3139 633 3298 688 quem
3342 621 3539 680 cadere

1955 711 2107 781 signa
2138 724 2206 764 ex
2238 718 2414 779 parte,
2444 716 2711 779 quotquot
2752 707 2835 763 lex
2886 719 2941 762 et
2974 710 3253 779 propheta
3277 726 3542 781 pmmon-

1956 810 2291 863 straverunt,
2336 798 2692 862 conﬁtentur,
2740 797 2923 867 aliqua
2953 809 3138 853 autem
3169 801 3335 855 etiam
3380 817 3537 857 erra-

1957 890 2119 945 bundi
2152 892 2473 960 opinantur;
2504 904 2738 958 namque
2779 890 3186 959 generationem
3232 893 3352 961 ejus
3393 894 3542 949 futu-

1958 996 2075 1037 ram
2098 996 2223 1037 esse
2264 982 2458 1036 dicunt
2479 997 2544 1037 ex
2567 995 2765 1051 genere
2790 981 2979 1048 David,
3008 997 3112 1036 non
3150 992 3327 1038 autem
3355 1001 3386 1040 e
3418 984 3540 1040 Vir-

1956 1071 2080 1138 gine
2123 1080 2177 1124 et
2212 1071 2416 1139 Spiritu
2464 1080 2679 1134 snncto,
2715 1070 2811 1124 sed
2846 1084 2877 1123 e
2928 1070 3157 1126 muliere
3186 1081 3241 1127 et
3272 1073 3409 1140 viro,
3457 1074 3538 1130 si-

1956 1162 2066 1214 cuti
2099 1162 2350 1215 omuibus
2387 1161 2665 1215 deﬁnitum
2697 1161 2768 1215 sit
2796 1161 3045 1231 generari
3080 1177 3145 1216 ex
3180 1164 3410 1229 semine,
3457 1164 3539 1219 fa-

1958 1260 2136 1305 tentes
2176 1253 2317 1305 hunc
2342 1251 2583 1305 futurum
2612 1266 2732 1306 esse
2760 1267 2938 1320 regem
2972 1266 3134 1320 super
3167 1253 3331 1321 ipsos,
3362 1254 3536 1309 virum

1958 1338 2369 1407 belligerantetn
2411 1354 2473 1392 ac
2509 1349 2801 1409 potentem,
2836 1339 2950 1408 qui,
2985 1339 3076 1396 ubi
3119 1342 3538 1417 cougregaverit

1959 1428 2272 1482 universum
2320 1430 2574 1497 populum
2615 1426 2925 1483 Judmornm
2974 1440 3275 1500 omnesque
3312 1432 3537 1502 populos

1959 1519 2097 1573 bello
2133 1529 2448 1587 persecutus
2472 1518 2656 1585 fuerit,
2693 1521 3020 1574 iustaurahit
3055 1523 3121 1577 iis
3164 1522 3535 1596 Hierosolyma

1959 1612 2143 1665 tll‘lteﬂl
2182 1612 2405 1680 regiam,
2447 1612 2498 1664 in
2536 1626 2695 1679 quam
2722 1613 3074 1683 congregabit
3105 1614 3418 1670 universum
3446 1632 3539 1687 po-

1958 1700 2139 1769 pulum
2168 1711 2223 1754 et
2255 1715 2445 1754 rursus
2492 1700 2558 1753 ad
2589 1700 2796 1769 priscos
2829 1719 3007 1757 mores
3051 1704 3269 1757 reducet
3312 1705 3539 1776 fungen-

1960 1797 2066 1842 tem
2118 1791 2265 1860 regio
2290 1801 2343 1843 et
2387 1792 2710 1846 sacerdorali
2755 1810 2976 1848 munere
3011 1807 3067 1848 et
3114 1796 3450 1865 habitantem
3484 1797 3536 1850 in

1892 1878 1931 1931 Β
1961 1881 2290 1937 conﬁdentia
2337 1898 2433 1952 per
2470 1884 2603 1937 satis
2638 1883 2797 1953 longa
2829 1894 3105 1953 tempora;
3140 1895 3252 1939 tum
3299 1886 3539 1942 insurre-

1962 1983 2171 2026 rturum
2202 1988 2319 2026 csse
2352 1974 2547 2027 bellum
2573 1984 2766 2028 contra
2796 1990 2891 2028 eos
2926 1985 3317 2047 congregatos;
3354 1976 3408 2033 in
3448 1976 3540 2032 illo

1961 2062 2101 2116 bello
2142 2078 2398 2118 casurum
2446 2079 2566 2120 esse
2619 2063 2897 2121 Christum
2952 2081 3052 2135 per
3100 2066 3365 2137 gladium;
3422 2075 3536 2121 tum

1965 2154 2105 2207 haud
2139 2155 2209 2207 ita
2257 2154 2426 2209 initlm
2475 2167 2596 2227 post
2623 2170 3003 2213 successuram
3038 2170 3162 2213 esse
3198 2171 3545 2214 consumma-

1964 2244 2164 2297 tionem
2204 2258 2267 2298 ac
2316 2244 2759 2315 deﬂagrationem
2806 2245 3072 2309 universi,
3105 2255 3162 2301 et
3207 2246 3281 2301 ita
3332 2260 3451 2315 qua:
3478 2246 3544 2299 de

1964 2334 2360 2387 resurrectione
2385 2335 2679 2401 opinantur
2705 2335 3000 2403 perlectum
3025 2334 3117 2400 iri,
3151 2335 3542 2410 mercedesque

1961 2423 2158 2493 Cuique
2190 2434 2349 2495 prout
2372 2427 2544 2498 egerit
2572 2426 2829 2485 tributum
2865 2426 2954 2483 iri.

2032 2535 2123 2593 31.
2165 2536 2430 2595 Videntur
2469 2538 2629 2596 nobis
2668 2537 3000 2595 suﬂicientcr
3021 2540 3261 2596 omnium
3288 2549 3347 2595 et
3385 2539 3540 2596 Gm-

1961 2641 2151 2685 corurn
2169 2638 2229 2685 et
2262 2628 2619 2687 Barbarorum
2644 2630 2838 2700 placita
2864 2646 2986 2686 esse
3004 2633 3269 2701 exposita.
3301 2632 3541 2701 nihilque

1965 2721 2294 2778 remansisse
2350 2722 2691 2778 irrel'utatum
2733 2721 3089 2795 ωιοωδ
3135 2739 3311 2793 neque
3365 2723 3542 2793 philo-

1963 2812 2423 2881 sophumenorum
2480 2828 2657 2883 neque
2700 2829 2927 2879 eorum,
2984 2829 3103 2883 quas
3152 2815 3223 2870 ab
3275 2815 3543 2871 lmreticis

1962 2904 2109 2961 dicta
2184 2916 2348 2972 sunt,
2409 2906 2502 2975 qui
2571 2921 2637 2961 ex
2727 2906 2859 2975 ipsis
2928 2904 3191 2974 expositis
3254 2904 3544 2961 manifeste

1964 2997 2138 3062 arguti
2206 3007 2333 3053 sunt
2379 2997 2463 3052 vel
2527 2996 2813 3066 expilaudo
2880 2995 2959 3049 vel
3030 2994 3274 3064 quaedam
3356 3009 3542 3049 corro-

1966 3085 2142 3153 gundo
2201 3100 2266 3142 ea
2324 3085 2477 3156 ipsa,
2530 3102 2650 3155 quae
2697 3104 2725 3139 a
2778 3086 2983 3141 Graecis
3042 3086 3319 3143 elaborata
3376 3094 3538 3149 sunt,

285 3175 600 3244 ραθεμὲνων
639 3174 715 3237 ὡς
749 3173 889 3229 θεῖα.
933 3176 1035 3229 Διά
1084 3176 1304 3231 πάντων
1333 3171 1429 3229 οὖν
1469 3176 1858 3247 διαδραμόντες

1968 3176 2310 3245 proposuisse
2352 3186 2612 3246 tanquam
2653 3178 2856 3233 divina.
2914 3176 3204 3246 Postquam
3237 3176 3402 3245 igitur
3442 3187 3541 3243 per

286 3266 382 3318 καὶ
423 3267 564 3334 μετά
605 3265 805 3319 πολλοῦ
840 3266 1006 3319 πόνου
1041 3268 1099 3319 ἐν
1134 3269 1258 3331 ταῖς
1296 3268 1457 3329 ἐννέα
1508 3267 1714 3338 βίϐλοις
1742 3267 1765 3299 δ
1793 3269 1864 3321 τὰ

283 3355 467 3409 πάντα
491 3355 743 3425 δόγματα
774 3355 1120 3424 ἐξειπόντες,
1152 3357 1291 3411 πᾶσί
1318 3374 1381 3410 τε
1432 3356 1745 3428 ἀνθρώποις
1769 3358 1866 3427 ἐφ-

284 3448 430 3502 όδιον
459 3450 522 3501 ἐν
542 3447 643 3519 βίῳ
679 3447 875 3518 μικρὸν
899 3447 1316 3513 καταλιπόντες,
1339 3449 1435 3501 καὶ
1463 3452 1576 3513 τοῖς
1595 3450 1864 3521 παροῦσιν

283 3540 387 3593 οὐκ
438 3539 627 3608 ὀλίγης
673 3539 694 3571 ⁸
737 3540 923 3610 χαρᾶς
960 3540 1057 3592 καὶ
1121 3539 1387 3609 θυμηδίας
1440 3542 1462 3573 ⁸
1509 3540 1865 3611 φιλομάθειαν

285 3630 683 3701 παρασχόντες,
710 3629 937 3699 εὔλογον
964 3630 1248 3702 ἡγούμεθα
1266 3629 1459 3702 ὥσπερ
1490 3632 1740 3703 κορυφὴν
1766 3632 1863 3685 τοῦ

285 3715 890 3817 παντὸς-[τδήᾖπξρὶ
932 3717 1193 3817 ἀληθείας
1230 3717 1390 3785 λόγον
1411 3720 1725 3817 ist-astrum,
1768 3720 1866 3817 atat

283 3808 479 3864 τοῦτον
505 3810 564 3861 ἐν
584 3808 698 3879 Ῑιιᾷ
725 3808 896 3879 βίϐλῳ
928 3811 994 3878 τῇ
1023 3809 1229 3881 δεκάτῃ
1262 3808 1637 3879 περιγράψαι,
1659 3810 1810 3873 ὅπως
1842 3811 1871 3863 ό

290 3897 647 3968 ἐντυγχάνων
682 3898 759 3968 μὴ
784 3898 947 3968 μόνον
969 3899 1289 3970 ἀνατροπὴν
1308 3900 1418 3953 τῶν
1454 3898 1871 3969 τετολμηκότων

288 3988 534 4060 αἱρέσεις
591 3989 966 4061 συστήσασθαι
1008 3991 1269 4059 ἐπιγνοὺς
1319 3990 1718 4061 καταφρονήσῃ
1760 3990 1870 4045 τῶν

291 4077 562 4148 ματαίων,
593 4078 732 4133 ἀλλὰ
766 4078 862 4132 καὶ
909 4079 1010 4150 τὴν
1044 4078 1147 4150 τῆς
1192 4078 1457 4149 ἀληθείας
1489 4078 1722 4149 δύναμιν
1746 4081 1871 4135 ἐπι-

288 4170 455 4240 γνοὺς
486 4168 653 4235 ἀξίως
683 4170 803 4242 Θεῷ
834 4170 1133 4235 πιστεύσας
1168 4170 1409 4241 σωθῆναι
1436 4170 1661 4246 δυνηθῇ.
1695 4173 1707 4240 |

1967 3268 2151 3322 omnia
2201 3269 2569 3336 percurrimus
2615 3280 2670 3324 et
2717 3283 2911 3339 magno
2970 3268 3159 3323 labore
3209 3282 3409 3323 novem
3460 3266 3544 3320 Itis

1968 3356 2124 3415 libris
2150 3358 2331 3415 omnia
2360 3359 2553 3429 placita
2592 3359 2884 3424 ediximus,
2920 3358 3281 3428 omnibusque
3314 3357 3546 3412 homini-

1970 3450 2073 3504 bus
2112 3463 2339 3518 parvum
2374 3450 2426 3505 in
2478 3450 2582 3505 vita
2622 3450 2877 3506 viaticum
2928 3449 3269 3518 reliquimus.
3315 3457 3371 3501 et
3412 3463 3545 3517 pra:-

1968 3540 2215 3596 sentibus
2262 3539 2402 3596 haud
2442 3556 2621 3608 parvae
2668 3541 2872 3596 laetitias
2917 3548 2973 3594 et
3014 3539 3394 3596 oblectationis
3440 3548 3545 3593 stu.

1969 3632 2117 3686 dium
2162 3632 2405 3687 discendi
2454 3632 2801 3699 praebuimus,
2840 3632 3179 3686 commodum
3218 3632 3546 3691 arbitrantur

1976 3730 2229 3787 tanquam
2257 3718 2529 3789 fastigium
2558 3722 2722 3777 t0tius
2750 3721 2932 3789 operis
2953 3736 3263 3777 sermonem
3296 3723 3363 3779 de
3399 3722 3544 3777 veri-

1974 3818 2081 3867 tate
2106 3806 2305 3866 aﬂerre
2339 3824 2573 3878 eumque
2600 3810 2653 3865 in
2687 3826 2794 3867 uno
2827 3811 2967 3866 libro
2993 3813 3205 3868 decimo
3241 3811 3542 3875 deiiueare.

1973 3911 2032 3955 ut
2071 3900 2240 3958 lector
2272 3915 2377 3957 non
2417 3900 2592 3957 solum
2635 3917 2758 3957 cum
2792 3900 3175 3958 refutationem
3232 3915 3422 3958 eorum
3451 3904 3545 3972 qui

1974 3993 2209 4051 hereses
2239 3991 2474 4048 condere
2498 3991 2615 4049 ausi
2642 4002 2790 4056 sunt,
2816 3993 3151 4061 cognoverit,
3179 3992 3359 4051 inania
3388 4008 3546 4063 sper-

1976 4091 2089 4147 nat,
2119 4082 2213 4138 sed
2248 4081 2441 4148 etiam,
2467 4096 2590 4138 cum
2620 4082 2866 4141 veritatis
2891 4084 2999 4142 vim
3025 4084 3361 4155 cognoverit.
3387 4084 3550 4156 digne

1988 4175 2075 4227 ubi
2103 4173 2212 4227 Dt-o
2230 4172 2546 4237 crediderit,
2585 4174 2783 4230 salvari
2810 4175 2999 4243 possit.

1556 4389 1788 4444 VARIA‘I
1828 4388 2207 4446 LECTIONES

388 4568 437 4600 ⁸³
467 4567 549 4631 είς
584 4567 647 4621 δν
668 4567 759 4621 τά.
798 4569 878 4632 εἰς
902 4566 1035 4621 ὅντα
1062 4567 1127 4633 C,
1159 4566 1231 4620 Μ.

297 4635 552 4707 νώμενοι.
598 4636 952 4722 πλανῴμενον
1153 4639 1199 4670 ⁸⁸
1230 4635 1491 4705 γενᾶσθαι

296 4706 695 4762 ἀπολελυπέναι
729 4714 788 4762 ι..
822 4705 1240 4761 ἀπολελειπὲναι
1263 4707 1333 4761 Μ.
1430 4706 1491 4762 ⁸1

301 4743 695 4762 “meum.-.
731 4743 788 4771 υ,
822 4743 1240 4761 umnam—“us.-.
1263 4743 1333 4761 ι...

301 4791 483 4829 rarum
522 4794 557 4831 α
585 4788 635 4832 et
667 4794 721 4831 κ.
762 4776 832 4831 Μ.
908 4784 930 4807 ⁸
956 4777 1076 4839 ταῖς
1125 4776 1283 4830 ἐννέα
1332 4830 1333 4839 η

1332 4775 1551 4845 βίϐλοις.
1582 4778 1695 4845 τοῖς
1721 4775 1811 4832 ὲνν

298 4844 501 4915 ὀλίγοις
530 4844 593 4911 C,
627 4846 696 4901 Μ.
767 4846 787 4877 ⁸
818 4845 1070 4917 θυμιδίας
1102 4846 1164 4901 C.

1276 4846 1294 4876 ⁷
1330 4844 1423 4898 τὸν
1453 4848 1576 4900 add.
1602 4844 1674 4898 Μ.

631 5876 899 5936 ΡΑΤιιοι..
950 5877 1063 5936 Gn.
1112 5876 1266 5935 XVI.
1322 5865 1328 5871 ’

1302 4568 1350 4599 ’⁸
1378 4569 1442 4620 ἐκ
1474 4566 1697 4691 μὶρους.
1735 4567 2018 4624 Εχοὶιιίῑιιο
2049 4570 2366 4625 vocabulum
2411 4572 2781 4646 ἀναφέρεσθαι
2824 4574 2903 4626 vel
2935 4574 3042 4629 tale
3070 4573 3239 4644 quid?
3343 4574 3389 4607 "
3416 4573 3555 4628 πλαι-

1302 4638 1491 4689 νᾶσθαι
1568 4681 1577 4691 .
1698 4640 1742 4671 ⁸⁸
1778 4639 2045 4691 naniam
2087 4640 2368 4691 ιιαναίοαῖ
2475 4643 2491 4673 ί
2524 4643 2851 4691 ἐκτεθῆσθαι
2884 4642 2948 4691 ιι.
3061 4646 3083 4681 ﬁ
3115 4644 3549 4691 ἀπολελοιπέναι-

1568 4681 1577 4692 .
1698 4640 1742 4671 ⁸⁸
1778 4639 2045 4711 μαχαίρῃ.
2086 4640 2368 4711 μαχαίρᾳῖ
2475 4643 2491 4673 ⁸
2524 4639 2851 4712 ἐκτεθῆσθαι
2884 4642 2948 4697 C.

3061 4646 3083 4681 ²
3115 4644 3549 4705 ἀπολελοιπέναι.

1430 4706 1452 4737 ⁸
1478 4706 1701 4762 Littem-
1723 4706 1790 4765 su
1845 4706 2469 4768 tletze'lacuna'tn'e'xacte
2511 4713 2585 4769 itu
2628 4706 2771 4779 len't;
2810 4724 3103 4783 supersunt
3136 4716 3359 4785 vestigia
3403 4718 3550 4773 litte-

1430 4777 1551 4831 λοις.
1582 4778 1695 4831 τοῖς
1721 4726 1880 4831 mila
1921 4778 2123 4831 Βίϐλοις
2147 4778 2209 4831 C.
2242 4779 2324 4831 vel
2355 4782 2468 4831 τοῖς
2494 4728 2651 4831 ὲννξα
2680 4781 2921 4831 Βιδλίοιε-
2999 4785 3225 4831 ’ὀλίγης
3251 4785 3547 4831 Itur-uerus-

1846 4796 1880 4832 α
1920 4778 2123 4848 βίϐλοις
2147 4778 2209 4847 C,
2242 4779 2324 4835 vel
2355 4782 2468 4847 τοῖς
2494 4778 2651 4837 ἐννέα
2674 4778 2921 4852 βιϐλίοις.
2999 4785 3020 4817 ⁸
3037 4786 3225 4859 ὀλίγης
3251 4778 3548 4858 ιῖοειιθιυε,

3134 5877 3245 5939 108
