4124 6528
562 425 702 494 3413

2028 417 2400 480 ORIGENIS

3674 403 3819 468 3i“

591 556 3802 594 _________________________________________________________

707 735 1004 848 ΤΟΥ
1060 729 1479 845 ΚΑΤΑ
1554 724 2071 843 ΠΑΣΩΝ
2149 715 2886 832 ΑΙΡΕΣΕΩΝ
2960 706 3679 827 ΕΔΕΓΧΟΥ

1897 960 2337 1048 ΒΙΒΛΙΟΝ
2396 952 2489 1042 1⁸.

2168 1164 2241 1184 ι·-

907 1318 1970 1438 REFUTATIONIS
2049 1315 2625 1435 OMNIUM
2706 1308 3482 1426 HERESIUM

1695 1558 2050 1648 LIBER
2135 1558 2694 1649 DECIMUS.

2163 1770 2233 1785 "'

649 1904 698 1957 1.
763 1900 885 1955 Haec
940 1899 1121 1953 insunt
1180 1898 1233 1952 in
1311 1897 1520 1952 decimo
1591 1896 1730 1951 libro
1800 1896 2144 1953 refutationis

2320 1909 2391 1956 α’.
2442 1905 2571 1956 ιάοε
2619 1916 2828 1953 ενεστιν
2875 1915 2930 1951 εν
2979 1900 3044 1968 τῇ
3075 1898 3278 1951 δεκάτη
3311 1896 3404 1950 τοῦ
3456 1896 3598 1949 κατὰ
3631 1894 3828 1949 πασῶν

572 1994 809 2048 omnium
857 1991 1137 2044 haeresium
1170 2007 1183 2042 :

642 2083 697 2138 2.
743 2080 1110 2137 Summarium
1142 2081 1380 2135 omnium
1413 2080 1878 2150 philosophorum,

644 2170 697 2224 3.
741 2170 1105 2226 Summarium
1131 2171 1372 2226 omnium
1403 2172 1710 2239 haresium,

644 2262 699 2316 4.
743 2262 809 2316 Ει
851 2263 1082 2333 denique
1124 2272 1245 2332 post
1273 2263 1478 2332 omnia,
1519 2279 1764 2334 quaenam
1799 2264 1871 2319 sit
1901 2263 2149 2319 veritatis

574 2353 839 2409 doctrina.

641 2444 695 2499 Β.
745 2443 1140 2516 Labyrinthum
1196 2447 1486 2502 haeresium
1531 2455 1814 2518 postquam
1848 2450 1972 2516 {non
2027 2448 2145 2503 vio-

577 2538 750 2593 lenter
781 2538 1134 2609 disrupimus,
1179 2538 1274 2594 sed
1309 2539 1423 2595 sola
1459 2538 1784 2595 refutatione
1811 2540 2054 2596 veritatis
2094 2539 2153 2595 vi

581 2629 948 2698 dissolvimus,
988 2631 1054 2686 ad
1085 2633 1330 2689 veritatis
1358 2633 1868 2688 demonstrationem
1900 2633 2147 2704 aggredi-

573 2733 717 2773 mur.
749 2717 886 2773 Tum
915 2719 1058 2774 enim
1101 2721 1303 2776 erroris
1331 2721 1619 2778 artiﬁciosa
1646 2723 1978 2792 sophismata
2008 2723 2150 2778 male

574 2825 709 2864 nexa
773 2811 1063 2866 manifesta
1128 2813 1292 2880 ﬁent,
1346 2816 1561 2882 quando
1606 2816 1852 2870 veritatis
1909 2815 2150 2871 deﬁnitio

572 2909 789 2956 ostensa
822 2900 1007 2968 fuerit,
1047 2917 1151 2957 non
1203 2919 1231 2956 a
1274 2906 1537 2974 sapientia
1583 2905 1894 2961 Graecorum
1943 2905 2148 2975 princi-

573 2991 720 3060 pium
762 3003 942 3058 nacta,
989 3009 1166 3063 neque
1204 2993 1579 3066 Egyptiorum
1611 2997 1826 3065 placita,
1875 3013 2011 3050 vana
2059 2997 2149 3051 illa

573 3083 717 3137 inter
777 3084 928 3152 ipsos
977 3099 1098 3138 cum
1159 3085 1350 3140 llducia
1409 3088 1591 3153 culta,
1643 3098 1895 3158 tanquam
1953 3103 2148 3142 arcana

572 3173 786 3239 edocta,
816 3189 990 3244 neque
1024 3175 1401 3232 Chaldaeorum
1429 3178 1690 3233 dissoluta
1720 3178 2038 3234 curiositate
2068 3179 2149 3233 in-

2254 1993 2518 2062 αἱρέσεων
2553 1992 2777 2061 ἐλέγχου
2797 2006 2809 2018 ·

2323 2081 2387 2150 β’.
2439 2082 2705 2152 Ἐπιτομὴ
2729 2081 2945 2134 πάντων
2974 2080 3084 2132 τῶν
3113 2078 3437 2148 φιλοσόφων,

2324 2172 2394 2241 γ’.
2439 2173 2705 2244 Ἐπιτομὴ
2733 2172 2756 2203 ⁸
2779 2171 2970 2225 πασῶν
2992 2169 3145 2244 [τῶν]
3185 2172 3206 2202 ⁹
3231 2170 3520 2241 αἱρέσεων,

2321 2266 2384 2319 δ’.
2444 2266 2555 2319 Καὶ
2584 2266 2678 2318 ἐπὶ
2711 2266 2868 2330 πᾶσι,
2900 2265 2983 2327 τίς
3007 2265 3036 2317 ὁ
3057 2263 3160 2333 τῆς
3183 2262 3443 2326 ἀλτθείας
3469 2261 3648 2330 λόγος.

2323 2453 2384 2500 ε’.
2408 2444 2853 2514 Τὸῃλαϐύρινθον
2871 2443 2978 2497 τῶν
2997 2441 3258 2513 αἱρέσεων
3287 2442 3346 2494 οὗ
3383 2441 3473 2511 βία
3497 2437 3830 2511 διαῤῥήξανυ

2253 2554 2365 2601 τες,
2387 2535 2523 2591 ἀλλά
2546 2537 2689 2607 μόνῳ
2711 2536 2915 2607 ἐλέγχῳ
2939 2535 3196 2608 ἀληθείας
3210 2534 3436 2604 δυνάμει
3457 2533 3826 2594 διαλύσαντες,

2256 2628 2523 2700 πρόσιμεν
2569 2628 2613 2660 ¹⁰
2652 2629 2744 2682 ἐπὶ
2791 2626 2889 2699 τὴν
2921 2629 3020 2698 τῆς
3059 2627 3319 2698 ἀληθείας
3361 2625 3656 2691 ἀπόδειξιν.
3691 2624 3828 2677 Τότε

2254 2721 2362 2790 γὰρ
2389 2719 2488 2788 τῆς
2516 2719 2728 2789 πλάνης
2753 2718 2978 2788 ἔντεχνα
3014 2718 3326 2787 σοφίσματα
3351 2717 3633 2770 ἀσύστατα
3667 2733 3834 2783 φανε-

2257 2811 2587 2884 ρωθήσεται,
2621 2811 2760 2863 ἐπὰν
2786 2812 2813 2863 ὁ
2834 2812 2934 2879 τῆς
2961 2808 3221 2879 ἀληθείας
3245 2810 3366 2879 ὅρος
3398 2806 3699 2876 ὲπιδειχθῇ,
3729 2806 3835 2859 οὐκ

2255 2903 2364 2956 ἀπὸ
2392 2902 2582 2971 σοφίας
2616 2901 2887 2972 Ἑλλήνων
2909 2900 3081 2972 ἀρχὰς
3119 2899 3458 2970 μεταλαϐὼν,
3511 2899 3620 2952 οὐδ’
3664 2899 3838 2966 Atyn-

2257 2992 2428 3046 πτίων
2469 2991 2717 3062 δόγματα
2738 3029 2755 3056 ,
2779 2991 2848 3045 τὰ
2872 2993 2930 3044 ὲν
2961 2991 3143 3053 αὐτοῖς
3176 2991 3294 3058 μετ’
3321 2988 3666 3052 ἀξιοπιστίας
3699 2987 3837 3058 θρη-

2258 3083 2562 3152 σκευόμενα
2597 3082 2820 3151 μάταια,
2845 3082 2920 3144 ὡς
2945 3082 3159 3152 ἄρρητα
3183 3080 3474 3150 διδαχθεὶς,
3519 3080 3641 3133 οὐδὲ
3681 3079 3832 3133 Χαλ-

2255 3173 2421 3227 δαίων
2450 3173 2742 3243 ἀσυστάτῳ
2781 3173 3075 3244 περιεργίᾳ
3100 3173 3375 3241 σοφισθεὶς
3400 3212 3413 3233 ,
3433 3172 3554 3225 οὐδὲ
3577 3171 3834 3226 Βαϐυλω-

573 3262 756 3326 ducta,
789 3277 964 3332 neque
994 3265 1415 3336 Babyloniorum
1449 3268 1610 3322 stulta
1651 3270 1873 3324 vesania
1915 3284 2010 3338 per
2041 3267 2146 3322 eiii-

2253 3266 2376 3319 νίων
2406 3265 2679 3334 ἀλογίστῳ
2717 3263 2886 3335 μανίᾳ
2907 3263 2986 3335 lp.
3020 3265 3144 3318 510.
3167 3262 3296 3335 5H]
3317 3264 3384 3317 δι’
3413 3262 3750 3336 ὲνίεργεί]ας
3785 3265 3829 3295 ιι

575 3353 779 3405 caciam
828 3353 1130 3408 daemonum
1162 3357 1433 3424 perculsa,
1473 3359 1567 3412 sed
1611 3373 1718 3427 quo
1753 3368 1931 3412 exstat
1956 3359 2153 3431 496-

573 3439 738 3513 497
763 3443 921 3497 modo
968 3444 1208 3500 deﬁnitio
1254 3461 1380 3500 vera
1412 3447 1679 3502 exsistens
1721 3457 1776 3502 et
1827 3449 2060 3520 ingenua
2103 3459 2157 3503 et

573 3535 807 3600 sincera,
836 3549 978 3603 quae,
1010 3536 1303 3591 dummodo
1333 3539 1669 3608 apparuerit,
1706 3539 1966 3594 refutabit
1998 3554 2154 3596 erro-

574 3639 710 3679 rem.
765 3625 934 3695 Cujus
991 3629 1093 3681 etsi
1162 3629 1461 3697 saepissime
1519 3625 1787 3685 ratiunem
1842 3631 2155 3700 aperuimus

575 3717 821 3785 satisque
849 3717 1099 3774 veritatis
1132 3720 1370 3788 regulam
1405 3721 1699 3776 liberaliter
1737 3723 1802 3776 iis
1842 3723 1932 3791 qui
1965 3724 2153 3778 volunt

573 3810 908 3865 ostendimus
940 3828 954 3864 :
987 3811 1082 3866 sed
1118 3822 1295 3866 tamen
1331 3829 1475 3869 nunc
1522 3815 1684 3869 etiam
1731 3830 1840 3870 non
1888 3815 2151 3871 absonum

572 3903 823 3957 arbitrati
877 3917 1064 3957 sumus
1093 3913 1214 3972 post
1259 3905 1440 3958 omnia
1494 3906 1802 3961 διεθροτυιιι
1851 3916 1906 3960 et
1939 3909 2151 3962 haereti-

571 4011 758 4051 corum
802 3995 998 4064 placita
1052 4008 1313 4068 tanquam
1368 3998 1639 4066 fastigium
1705 3998 1964 4052 librorum
2012 3999 2151 4054 hanc

571 4087 765 4142 aii'erre
801 4086 1321 4142 demonstrationem
1357 4102 1452 4156 per
1483 4088 1750 4142 decimum
1791 4088 2008 4142 librum.

641 4177 695 4230 6.
737 4175 1014 4245 Complexi
1066 4176 1229 4245 igitur
1280 4177 1523 4230 omnium
1578 4176 1720 4244 apud
1781 4175 2001 4229 Graecos
2061 4189 2150 4230 sa-

572 4267 814 4334 pientum
864 4265 1059 4330 placita
1109 4265 1162 4318 in
1203 4274 1439 4334 quatuor
1479 4265 1652 4331 libris,
1687 4281 1750 4320 ea
1785 4275 1987 4330 autem,
2030 4281 2148 4335 quae

572 4353 953 4410 haeresiarchis
1001 4354 1322 4424 placuerunt
1364 4356 1418 4410 in
1467 4356 1726 4425 quinque,
1759 4357 1871 4425 jam
1904 4357 2147 4412 veritatis

570 4444 875 4500 doctrinam
913 4443 964 4497 in
1010 4458 1118 4499 uno
1151 4445 1522 4508 ostendemus,
1576 4444 1996 4512 recapitulantes
2033 4447 2146 4512 pri-

2253 3357 2524 3427 δαιμόνων
2567 3355 2974 3423 καταπλαγεὶς,
3025 3355 3141 3409 ἀλλ’
3171 3349 3216 3422 ᾧ
3278 3357 3320 3386 ⁸³
3363 3355 3597 3426 ὑπάρχει
3643 3356 3833 3426 τρόπῳ

2253 3449 2377 3518 ὅρος
2404 3446 2612 3519 ἀληθὴς
2645 3447 2689 3478 ¹⁸
2719 3446 2796 3499 ὣν
2826 3446 3138 3515 ἀφύλακτός
3171 3464 3232 3499 τε
3267 3447 3361 3500 καὶ⁵
3391 3446 3830 3510 ἀκαλλώπιστος,

2252 3538 2309 3601 ὃς
2344 3539 2390 3577 ¹δ
2420 3538 2580 3608 μόνον
2624 3539 2812 3606 φανεὶς
2857 3537 3068 3605 ἐλέγξει
3120 3539 3221 3608 τὴν
3260 3538 3490 3608 πλάνην.
3529 3539 3664 3609 Περὶ
3689 3532 3748 3591 οὗ
3781 3542 3832 3592 εί

2253 3629 2348 3682 καὶ
2394 3627 2713 3691 πλειστάκις
2753 3629 3051 3693 ἀποδείξεις
3113 3631 3450 3702 ἐποιήσαμεν
3494 3632 3588 3684 καὶ
3631 3631 3832 3694 ἱκανῶς

2251 3720 2342 3774 τὸν
2392 3720 2494 3789 τῆς
2525 3719 2534 3789 |
2566 3720 2824 3790 ἀληθείας
2865 3721 3066 3774 κανόνα
3113 3721 3360 3789 ἀφθόνως
3406 3725 3520 3782 τοῖς
3576 3723 3832 3792 βουλομέ-

2251 3828 2363 3874 νοις
2396 3811 2781 3881 ὲπεδείξαμεν,
2824 3812 2962 3866 ἀλλά
3000 3829 3062 3879 γε
3087 3813 3182 3866 καί⁸
3209 3813 3304 3867 νῦν
3333 3814 3434 3866 οὑκ
3467 3813 3659 3882 ἄλογον
3685 3815 3832 3881 ἐκρί-

2251 3919 2420 3974 ναμεν
2459 3903 2549 3956 ἐπὶ
2597 3905 2731 3956 πᾶσι
2761 3906 2874 3966 τοῖς
2907 3903 3133 3973 Ἕλλησι
3176 3904 3565 3975 δεδοκημένοις
3601 3906 3695 3958 καὶ
3736 3907 3828 3957 αι-

2253 3997 2492 4066 ρετικοίς
2520 3995 2656 4047 ὡσεὶ⁸
2693 3997 2964 4064 κορωνίδα
2987 3996 3096 4048 τῶν
3139 3996 3340 4066 βίϐλων
3375 3997 3670 4065 ἐπενέγκαι
3699 3998 3830 4050 ταύο

2247 4104 2349 4157 την
2378 4087 2477 4158 τὴν
2513 4087 2791 4152 ἀπόδειξιν
2819 4089 2908 4142 διὰ
2941 4090 3042 4159 τῆς
3069 4090 3303 4160 δεκάτης
3332 4091 3539 4158 βίϐλου.

2326 4187 2398 4244 ς’.
2436 4181 2943 4252 Συμπεριλαὸόντες
2975 4183 3155 4235 τοίνυν
3185 4183 3253 4236 τὰ
3283 4184 3502 4236 πάντων
3528 4183 3636 4236 τῶν
3687 4202 3806 4255 παρ

2251 4271 2479 4342 Ἕλλησι
2510 4273 2688 4342 σοφῶν
2714 4274 2961 4342 δόγματα
3007 4277 3064 4327 ὲν
3098 4274 3357 4346 τέσσαρσι
3395 4275 3622 4346 βιϐλίοις
3658 4279 3726 4339 ³⁸,
3753 4279 3830 4331 τὰ

2247 4361 2304 4415 δὲ
2337 4364 2451 4425 τοῖς
2483 4362 2861 4433 αίρεσιάρχαις
2904 4365 2948 4394 ¹⁸
2972 4366 3028 4416 ὲν
3063 4365 3254 4430 πέντε,
3282 4365 3378 4417 νῦν
3399 4366 3490 4418 τὸν
3531 4367 3658 4436 περὶ
3687 4367 3829 4436 ἀλη-

2250 4451 2402 4516 θείας
2430 4452 2587 4521 λόγον
2615 4454 2674 4505 ὲν
2706 4458 2753 4506 α’
2775 4455 2817 4485 ¹⁷
2856 4453 3216 4525 ἐπιδείξομεν,
3252 4456 3825 4525 ἀνακεφαλαιούμενοι

571 4551 716 4590 nium
750 4535 990 4590 omnium
1020 4534 1238 4604 placita.
1272 4534 1584 4590 Grmcorum
1631 4535 1775 4588 enim
1811 4536 2148 4605 dogmatistze

2253 4544 2468 4613 πρῶτον
2494 4545 2561 4597 τά
2591 4546 2726 4598 πᾶσι
2751 4545 3106 4617 δεδοκημένα.
3131 4547 3193 4599 UE
3223 4547 3325 4616 μὲν
3356 4547 3464 4618 γὰρ
3483 4549 3591 4600 τῶν
3629 4548 3825 4620 Ἐλλή-

569 4646 692 4685 cum
725 4630 1121 4700 philosophiam
1167 4631 1431 4686 trilariam
1466 4628 1774 4694 diviserint,
1810 4629 1881 4683 ita
1912 4627 2142 4696 philoso-

2253 4651 2358 4686 νων
2406 4634 2769 4705 δογματισταὶ
2817 4636 2914 4706 τὴν
2957 4635 3276 4706 φιλοσοφίαν
3333 4641 3498 4708 τριχῆ
3554 4638 3825 4702 διελόντες

571 4724 721 4794 phati
768 4734 916 4788 sunt,
950 4723 1037 4777 alii
1067 4723 1347 4794 physicen,
1380 4722 1471 4778 alii
1510 4723 1748 4788 ethicen,
1783 4721 1870 4774 alii
1908 4721 2149 4774 dialecti-

2253 4720 2426 4785 οὕτως
2457 4723 2882 4795 ἐφιλοσόφησαν,
2924 4727 2973 4777 οἱ
3003 4726 3102 4796 μὲν
3132 4727 3390 4797 φυσικὴν,
3423 4729 3473 4779 οί
3508 4728 3564 4780 δὲ
3598 4728 3821 4799 ἠθικὴν,

571 4829 668 4869 ceu
717 4826 1114 4883 nuneupantes.
1162 4813 1228 4867 Et
1265 4814 1354 4884 qui
1404 4813 1682 4884 physicen,
1716 4813 1934 4866 fuerunt
1981 4810 2057 4877 hi,
2090 4808 2144 4862 in

2253 4815 2302 4867 οί
2337 4814 2396 4868 δὲ
2440 4815 2784 4887 διαλεκτικὴν
2836 4819 3402 4890 προσαγορεύσαντες.
3459 4821 3571 4875 Καὶ
3619 4823 3666 4874 οί
3717 4823 3821 4892 μὲν

640 5061 792 5134 Sext.
832 5063 1037 5134 Emptr.
1075 5061 1210 5117 Adv.
1252 5060 1468 5134 Pitysic.
1507 5076 1562 5123 ι,
1597 5058 1642 5134 §H
1668 5058 1774 5134 510
1810 5073 1930 5127 sqq.
1968 5074 2021 5134 ρ.
2071 5059 2150 5115 68‹

2253 5075 2329 5134 lq.
2368 5061 2570 5134 εᾷΠερὶ
2604 5061 2868 5134 γενέσεως,
2903 5062 2998 5114 καὶ
3031 5063 3256 5134 φθορᾶς.
3312 5063 3375 5134 Ἦ
3427 5064 3526 5133 μὲν
3557 5065 3827 5133 γενέσεως

568 5134 664 5185 καὶ
696 5133 904 5202 φθορᾶς
936 5129 1177 5202 ζήτησις
1213 5129 1532 5202 συνίσταται
1559 5132 1673 5202 τοῖς
1700 5130 2028 5202 Σκεπτικοῖς
2071 5129 2214 5202 πρὸς
2250 5129 2375 5202 τοὺς
2397 5129 2664 5202 Φυσικοῦς
2691 5133 2876 5202 σχεδόν
2911 5148 2962 5202 τι
2997 5129 3266 5202 περὶτῶν
3309 5129 3447 5186 ὅλων
3467 5149 3480 5162 °
3530 5129 3584 5185 εἴ
3619 5151 3682 5201 γε
3713 5137 3826 5188 τῶν

569 5199 926 5272 σκεψαμένων
967 5199 1095 5272 περὶ
1131 5203 1230 5271 τῆς
1280 5200 1401 5272 τοῦ*
1432 5200 1635 5272 παντὸς
1662 5199 2238 5272 λσυστάσεωςῌοίμεν
2287 5201 2360 5272 ita
2403 5201 2522 5264 ἑνὸς
2573 5199 2870 5272 ἐγέννησαν
2899 5201 2965 5272 τά
2999 5199 3197 5266 πάντα,
3221 5203 3270 5255 οἱ
3306 5202 3351 5255 δ’
3404 5205 3468 5255 ὲκ
3521 5199 3780 5257 πλειόνων
3803 5221 3821 5234 ο

571 5267 795 5326 καὶτῶν
836 5273 895 5339 ἐξ
925 5267 1120 5336 ἐνὸςόί
1158 5267 1254 5342 μὲν
1289 5270 1349 5335 ἐξ
1379 5270 1597 5338 ἀποίου,
1626 5270 1676 5322 οἱ
1709 5268 1766 5321 δὲ
1795 5270 1859 5322 ὲκ
1885 5267 2041 5322 ποιοῦ
2066 5285 2079 5299 ⁸
2115 5267 2210 5322 καὶ
2241 5271 2351 5324 τῶν
2386 5272 2452 5324 ἐκ
2486 5267 2642 5324 ποιοῦ
2679 5273 2728 5324 οἱ
2755 5267 2852 5343 μὲν
2875 5271 2935 5335 ἐξ
2957 5272 3138 5341 ἀέρος,
3177 5274 3224 5325 οἱ
3255 5272 3299 5326 δ’
3322 5272 3383 5336 ἐξ
3415 5272 3630 5340 ὓδατος,
3678 5275 3827 5344 oras

1841 5421 2079 5478 VABIIE
2113 5422 2512 5481 LECTIONES.

637 5583 981 5656 '__'Emtopth.
1027 5583 1148 5656 Ἐπὶ
1172 5582 1249 5656 τῷ
1268 5583 1357 5656 μὴ
1375 5583 1452 5656 C._
1515 5586 1535 5656 ξ
1565 5583 1828 5656 τῶν-οη),
1848 5581 1910 5656 C_.
1986 5582 2042 5656 ff
2069 5581 2362 5656 πρόσιμεν,
2388 5585 2690 5656 πρόσειμεν
2725 5585 2790 5640 C.
2869 5587 2910 5620 “
2939 5587 3210 5642 Lacunam
3235 5596 3465 5655 expiem
3486 5586 3556 5642 Μ.
3639 5590 3682 5620 ¹¹
3709 5588 3826 5641 ἀλλ’

566 5646 629 5726 ᾧ.
652 5653 765 5726 ἀλλ’
794 5646 962 5726 ὡς’οξ
1008 5724 1016 5726 _
1071 5655 1113 5685 “
1152 5646 1625 5726 ἀληθὴςε-ἀληθεὶς
1652 5653 1714 5726 CA.
1794 5653 1839 5726 ‘f
1872 5646 2307 5726 ἀκαλλώπιστός,
2340 5646 2863 5720 ὃς.’ἀκαλ’λώπιστος
2889 5658 2952 5723 C,
2987 5656 3059 5711 Μ.
3175 5658 3220 5688 ⁸⁸
3255 5646 3495 5726 βιῖλίοις.
3522 5656 3726 5726 βίελοις
3756 5658 3823 5712 C.

570 5724 614 5757 “
651 5724 778 5778 Post
803 5724 1192 5796 αἱρεσιάρχαις
1209 5722 1342 5796 cuni_
1355 5722 1409 5777 Μ
1437 5723 2166 5796 656cm;uévginserendunr
2174 5738 2294 5779 esse
2322 5722 2977 5796 videtur;conl‘erautem
3003 5727 3143 5781 intra
3167 5742 3222 5796 p.
3248 5722 3374 5790 502,
3393 5727 3482 5790 88,
3510 5722 3597 5781 ubi
3631 5729 3824 5783 eadem

566 5791 877 5849 recurrunt.
944 5795 984 5827 "
1018 5791 1283 5850 Ev'h'Jac.
1311 5791 1647 5865 Bernaysius
1667 5795 1719 5849 in
1746 5791 1847 5853 Ep.
1880 5795 2001 5848 crit.
2033 5793 2102 5846 ad
2126 5792 2449 5849 Bunsenium
2474 5812 2496 5849 .·
2527 5797 2623 5852 ἕνα
2647 5795 2710 5859 C.
2745 5795 2815 5864 M,
2847 5799 2938 5866 qui
2974 5797 3053 5851 ἐνὶ
3075 5791 3356 5867 legendum
3389 5801 3510 5852 esse
3535 5807 3712 5853 nutat.
