4124 6514
649 438 792 503 3437

2124 441 2494 503 ORIGENIS

3753 440 3900 506 3438

652 555 789 607 bene
818 550 1030 619 fecisse,
1061 551 1157 606 sed
1181 550 1649 619 irrationabiliter,
1674 564 1894 607 necesse
1922 550 2064 605 enim
2101 565 2214 606 esse

2323 568 2419 617 νης
2448 548 2579 619 ὕλης
2598 566 2611 578 ’
2646 544 3003 618 πεποιηκέναι
3029 548 3136 617 γὰρ
3170 548 3229 601 οὐ
3260 546 3441 611 καλῶς
3462 588 3478 611 ,
3502 548 3616 601 ἀλλ’
3644 549 3857 619 ἀλόγως
3876 569 3891 580 ’

652 653 712 697 ιιι
742 658 972 712 ea,qu:e
1023 652 1141 695 orta
1201 642 1327 706 sint,
1373 642 1571 697 similia
1603 642 1710 697 sint
1760 644 1831 707 ei,
1856 643 1947 713 qui
2004 641 2215 696 fecerit.

2322 640 2534 709 ἀνάγκη
2559 639 2669 711 γὰρ
2693 638 2761 692 τά
2788 640 3054 709 γενόμενα
3081 640 3243 709 ὃμοια
3269 634 3409 692 εἶναι
3442 639 3521 710 τῷ
3547 642 3893 710 πεποιηκότι.

651 733 986 800 Quapropter
1005 732 1168 786 etiam
1192 733 1461 801 parabolis
1486 733 1810 803 evangelicis
1838 732 1889 786 in
1918 734 2059 787 hunc
2106 746 2214 785 mo-

2320 732 2410 784 Διὺ
2447 733 2539 784 καὶ
2580 733 2700 794 ταῖς
2746 731 3083 801 παραϐολαῖς
3126 732 3246 792 ταῖς
3287 730 3672 798 εύαγγελικαῖς
3718 732 3899 794 οὕτως

650 827 772 877 dum
811 833 1032 878 utuntur
1066 823 1344 879 dicentes:
1382 823 1504 878 Non
1537 835 1700 894 potest
1753 824 1913 877 arbor
1941 826 2077 877 bona
2104 825 2218 892 Iru—

646 926 758 968 ctus
782 914 949 968 malos
976 915 1170 983 facere,
1206 925 1403 984 etquae
1434 931 1753 985 sequuntur,
1804 916 1871 970 ad
1924 916 2025 970 hoc
2058 916 2215 971 dicti-

648 1018 766 1061 tans
795 1007 1152 1075 pronuntiata
1178 1022 1319 1071 esse,
1349 1024 1467 1074 qua:
1498 1018 1566 1061 at)
1592 1013 1707 1077 ipso
1737 1007 1873 1061 male
1901 1016 2211 1061 censentur.

643 1096 919 1151 Christum
955 1106 1133 1151 autem
1170 1096 1334 1149 ﬁlium
1378 1110 1501 1151 esse
1532 1097 1655 1151 boni
1684 1105 1737 1150 et
1770 1096 1837 1150 ab
1883 1111 1949 1150 eo
1989 1096 2212 1149 missum

644 1203 765 1243 esse
796 1187 865 1241 ad
900 1188 1215 1243 salvandum
1249 1189 1479 1253 animas,
1508 1203 1668 1256 quem
1698 1188 2011 1243 interiorem
2036 1188 2213 1242 homi-

645 1293 766 1333 nem
802 1288 979 1344 vocat,
1013 1278 1197 1333 dicens
1231 1294 1353 1332 eum
1414 1289 1668 1347 tanquam
1730 1279 2001 1333 hominem
2048 1293 2213 1347 appa-

644 1369 836 1431 ruisse,
866 1384 987 1424 cum
1021 1385 1125 1422 non
1155 1369 1223 1423 sit
1248 1370 1429 1431 homo,
1461 1379 1516 1423 et
1550 1379 1802 1438 tanquam
1858 1361 2074 1421 carnem
2114 1370 2211 1422 ha-

643 1457 878 1523 bentem,
911 1473 1031 1512 cum
1057 1474 1161 1511 non
1199 1460 1393 1512 habeat
1429 1473 1671 1521 carnem,
1708 1460 1796 1527 qui
1836 1461 2015 1528 specie
2049 1476 2211 1529 appa-

644 1547 997 1617 rueritneque
1019 1548 1323 1617 genituram
1349 1548 1669 1603 sustinuerit
1686 1564 1857 1617 neque
1882 1549 2209 1617 passionem,

640 1653 826 1693 verum
880 1640 1059 1710 Specie
1092 1649 1321 1693 tantum.
1384 1640 1613 1695 Carnem
1651 1652 1828 1694 autem
1860 1658 1962 1694 non
1996 1641 2105 1693 vult
2130 1660 2205 1696 re~

639 1746 883 1800 surgere,
915 1733 1316 1787 matrimonium
1350 1742 1525 1785 autent
1557 1731 1853 1800 perniciem
1882 1748 2002 1787 esse
2023 1734 2209 1787 dicens

635 1823 701 1875 ad
726 1822 886 1875 vitam
922 1824 1208 1876 admodum
1251 1807 1496 1893 cynicam
1523 1823 1742 1877 adducit
1793 1824 2108 1891 discipulos,
2152 1825 2205 1877 in

640 1912 723 1965 his
753 1922 947 1981 putans
976 1929 1035 1967 se
1067 1928 1211 1982 aegre
1250 1913 1429 1967 facere
1466 1914 1761 1981 demiurgo,
1797 1916 1839 1967 si
1878 1915 1961 1979 iis,
1990 1929 2108 1983 qua:
2138 1895 2281 1969 abB

636 2002 724 2053 illo
762 2002 900 2057 tacta
931 2012 1058 2057 sunt
1090 2003 1171 2057 vel
1197 2004 1512 2067 constituta,
1547 2019 1605 2059 se
1635 2005 1923 2059 abstineat.

701 2091 795 2147 20.
858 2092 1073 2161 Apelles
1135 2103 1336 2155 autem,
1380 2092 1537 2161 lmjus
1595 2088 2074 2161 discipulusfcum
2107 2094 2205 2163 ipsi

634 2182 1216 2252 improbarcnturquat
1277 2198 1305 2236 a
1347 2184 1611 2252 magistro
1670 2185 1809 2237 dicta
1858 2193 2003 2251 sunt,
2049 2184 2203 2239 sicuti

632 2287 792 2329 antea
845 2274 1124 2339 diximus,
1171 2291 1309 2328 nova
1359 2276 1601 2329 doctrina
1648 2277 1923 2345 supposuit
1976 2287 2207 2344 quatuor

631 2377 753 2417 esse
786 2378 938 2427 deos,
965 2378 1196 2433 quorum
1229 2379 1389 2417 unum
1425 2365 1554 2420 dicit
1590 2366 1813 2430 bonum,
1837 2381 1999 2436 quem
2034 2381 2206 2435 neque

632 2456 908 2524 propheta:
939 2458 1317 2524 cognoverint,
1355 2455 1507 2524 cujus
1541 2471 1660 2511 esse
1692 2457 1856 2510 ﬁlium
1888 2457 2202 2525 Christum;

633 2547 797 2600 alium
830 2556 1010 2601 autem
1065 2546 1313 2616 opiﬁcem
1364 2548 1625 2613 universi,
1687 2564 1846 2618 quem
1888 2564 1991 2603 non
2046 2550 2202 2603 deuut

629 2654 748 2693 esse
780 2639 925 2702 vult,
981 2638 1145 2692 alium
1197 2650 1376 2692 autem
1423 2639 1678 2709 igneum,
1728 2640 1819 2709 qui
1868 2641 2200 2708 apparuerit,

630 2730 791 2785 alium
830 2741 1010 2787 autem
1058 2732 1281 2798 malum,
1312 2748 1448 2801 quos
1498 2732 1720 2803 angelos
1771 2744 1947 2797 vocat,
1999 2734 2202 2787 addens

629 2838 756 2877 vero
793 2822 1067 2878 Christum
1096 2832 1150 2879 et
1172 2825 1414 2892 quintum
1447 2825 1613 2879 dicet.
1658 2824 1789 2879 Sese
1813 2833 1993 2878 autem
2033 2824 2202 2893 appli-

626 2922 711 2967 cat
740 2913 911 2980 libro,
956 2928 1114 2983 quem
1166 2914 1542 2969 llevelationes
1591 2914 1823 2985 appellat
1870 2913 2202 2968 Philumena:

626 3008 928 3078 cujusdam,
956 3022 1115 3076 quant
1146 3007 1540 3076 prophetissam
1571 3021 1691 3061 esse
1729 3007 2044 3061 arbitratur.
2070 3005 2201 3059 Car-

628 3117 750 3154 nem
795 3111 973 3155 autetn
1011 3099 1285 3155 Chrisutm
1328 3116 1434 3153 non
1488 3115 1554 3155 ex
1598 3097 1816 3168 Virgine
1866 3099 1941 3151 ait
1988 3113 2200 3151 assum-

627 3192 820 3259 psisse.
853 3192 946 3246 sed
981 3204 1046 3244 ex
1075 3191 1360 3261 adjacettte
1387 3193 1570 3245 mundi
1612 3191 1938 3245 substantia.
1978 3184 2030 3243 In
2057 3191 2198 3243 hunc

627 3280 842 3335 modum
875 3290 1063 3335 contra
1092 3280 1237 3349 leges
1271 3291 1323 3333 et
1346 3280 1698 3351 526-527
1722 3281 2012 3350 prophetas
2033 3296 2194 3350 opera

625 3371 990 3435 concinnavit,
1043 3370 1337 3425 dissolvere
1410 3386 1503 3425 eos
1529 3383 1794 3436 conatus,
1877 3373 2031 3440 quasi
2105 3374 2194 3441 qui

627 3460 905 3516 mendacia
954 3460 1114 3517 locuti
1196 3462 1306 3515 sint
1351 3476 1526 3531 neque
1584 3462 1749 3515 Deum
1809 3463 2195 3532 cognoverint;

626 3567 926 3623 carnesque
950 3554 1125 3623 perire
1148 3554 1503 3609 consimiliter
1544 3553 1805 3608 Marciani
1834 3555 1983 3610 dicit.

692 3646 785 3713 21,
811 3646 1099 3703 Cerintlms
1138 3657 1338 3715 autem,
1386 3648 1500 3717 ipse
1543 3648 1596 3702 in
1653 3645 1887 3718 IEgypto
1925 3647 2195 3713 excultus,

625 3754 729 3794 non
759 3752 789 3791 a
820 3740 997 3808 primo
1022 3741 1121 3793 dco
1147 3738 1348 3793 factum
1377 3754 1497 3794 esse
1526 3740 1780 3793 mundum
1825 3739 2013 3803 voluit,
2039 3741 2133 3794 sed
2164 3754 2194 3792 a

621 3830 821 3885 virtute
858 3830 1087 3900 quadam
1117 3830 1357 3902 angelica
1390 3830 1545 3902 longe
1570 3840 1819 3901 separata
1860 3842 1915 3887 et
1955 3833 2195 3887 distante

622 3924 691 3979 ab
739 3938 801 3978 ea
860 3923 1279 3994 principalitate,
1326 3938 1444 3993 qua:
1478 3932 1562 3978 est
1606 3940 1768 3994 super
1818 3926 2091 3990 universa,
2142 3934 2196 3980 et

624 4017 907 4084 ignorante
940 4017 1119 4076 deum,
1152 4015 1242 4083 qui
1273 4024 1353 4067 est
1383 4029 1544 4083 super
1571 4016 1773 4069 omnia.
1800 4014 1981 4070 Jesum
2010 4028 2190 4070 autem

622 4107 750 4161 dicit
786 4123 889 4161 non
923 4122 985 4161 ex
1021 4105 1236 4175 Virgine
1271 4122 1389 4161 esse
1420 4118 1759 4177 generatum,
1794 4118 1976 4162 natum
2006 4120 2189 4163 autem

620 4212 742 4251 esse
768 4213 891 4251 eum
938 4214 1002 4251 ex
1045 4197 1284 4267 ιῐοερριιυ
1330 4207 1383 4253 et
1431 4198 1595 4253 Maria
1641 4202 1805 4253 lilium
1842 4202 2195 4255 consimiliter

626 4288 849 4354 reliquis
884 4288 1215 4351 hominibus,
1254 4298 1309 4342 ct
1356 4290 1674 4345 cxcelluisse
1713 4290 1920 4360 justitia
1968 4301 2023 4346 et
2062 4308 2193 4360 pru-

632 4381 815 4434 dentia
848 4390 897 4432 et
924 4380 1275 4448 intelligentia
1305 4395 1467 4451 supra
1493 4396 1683 4436 omnes
1709 4382 1961 4449 reliquos.
1989 4382 2053 4437 Et
2076 4394 2195 4452 post

624 4470 953 4539 baptismum
982 4470 1265 4525 devenisse
1302 4472 1351 4523 in
1386 4488 1507 4525 eum
1557 4475 1623 4527 ab
1666 4489 1727 4527 ea
1774 4475 2191 4543 principalitate,

626 4578 746 4631 qua:
781 4569 862 4616 est
889 4576 1051 4630 super
1083 4563 1290 4628 omnia,
1315 4562 1591 4617 Christum
1624 4565 1675 4618 in
1710 4564 1882 4635 ﬁgura
1908 4566 2189 4628 columbae,

624 4663 680 4707 et
711 4664 823 4707 tum
878 4653 1211 4707 nuntiavisse
1248 4655 1577 4724 incognitum
1620 4670 1827 4725 patrem
1871 4667 1925 4712 et
1968 4658 2193 4711 virtutes

624 4741 958 4811 perfecisse,
1003 4742 1105 4796 sub
1169 4742 1328 4797 ﬁnem
1398 4755 1577 4798 autem
1635 4746 1901 4814 passiOitis
1949 4746 2192 4800 avolasse

622 4831 895 4886 Christum
941 4845 970 4883 a
1009 4829 1173 4893 .Iesu;
1224 4846 1442 4898 passum
1481 4846 1601 4885 esse
1644 4832 1846 4899 .Icsum,
1917 4834 2193 4889 Christum

625 4934 807 4976 autem
836 4940 861 4974 a
899 4922 1152 4989 patiendo
1182 4922 1407 4975 liberum
1441 4924 1727 4988 tttattsisst',
1757 4941 1879 4979 cum
1912 4942 2054 4981 esset
2074 4925 2193 4987 Sni-

622 5015 755 5069 ritus
784 5013 1021 5067 Domini.

2319 823 2556 891 χρῶνται
2570 822 2839 889 λέγοντες·
2860 824 2940 874 Οὐ
2963 822 3209 874 δύναται
3233 821 3539 890 δένδρον⁸¹
3553 823 3745 877 καλὸν
3762 840 3902 889 καρ-

2318 911 2471 975 ποὺς
2504 909 2809 977 πονηροὺς
2837 910 3051 975 ποιεῖν,
3082 912 3174 964 καὶ
3199 915 3268 965 τὰ
3298 912 3447 981 ἑξῆς,
3491 913 3572 975 εἰς
3606 912 3764 965 τοῦτο
3788 914 3897 980 φά-

2320 1018 2465 1054 σκων
2498 999 2507 1071 |
2540 1002 2790 1072 εἰρῆσθαι
2811 1003 2878 1055 τὰ
2902 1002 2993 1055 ὑπ’
3011 1003 3173 1055 αὐτοῦ
3197 1003 3385 1066 κακῶς
3407 1003 3759 1073 νομιζόμενα.
3786 1004 3899 1055 Τὸν

2315 1091 2371 1143 δὲ
2400 1093 2634 1163 Χριστὸν
2660 1094 2774 1145 υἱὸν
2806 1088 2947 1146 εἶναι
2976 1093 3071 1145 τοῦ
3102 1093 3310 1161 ἀγαθοῦ
3345 1095 3441 1147 καὶ
3471 1096 3561 1147 ὑπ’
3602 1095 3768 1147 αὐτοῦ
3800 1112 3898 1147 πε-

2317 1182 2561 1252 πέμφθαι
2588 1186 2677 1235 ἐπὶ
2699 1186 2942 1256 σωτηρίᾳ
2963 1185 3070 1238 τῶν
3088 1186 3298 1255 ψυχῶν,
3320 1186 3381 1239 ὃν
3402 1187 3447 1217 ⁸³
3464 1186 3575 1239 έσω
3602 1187 3896 1258 ἄνθρωπον

2315 1268 2487 1337 καλεῖ,
2501 1275 2575 1337 ὡς
2593 1275 2688 1328 ἀνθ
2699 1293 2875 1346 ρωπον
2892 1277 3125 1345 φανέντα
3138 1278 3310 1346 λέγων
3322 1279 3421 1331 ούκ
3436 1278 3566 1333 ὅντα
3580 1278 3676 1331 ἄνθ
3684 1296 3892 1349 ρωπον,

2314 1369 2406 1418 καὶ
2420 1367 2495 1427 ὡς
2515 1367 2779 1438 ἕνσαρκον
2793 1371 2891 1421 οὐκ
2910 1370 3195 1440 ένσαρκον,
3213 1370 3435 1441 δοκήσει
3448 1372 3751 1441 πεφηνότα,
3766 1370 3893 1424 οὒτε

2312 1460 2527 1527 γένεσιν
2548 1461 2919 1531 ὑπομείναντα
2946 1459 3069 1513 οὔτε
3100 1462 3270 1523 πάθος
3291 1501 3305 1525 ,
3333 1461 3468 1514 ἀλλά
3492 1448 3538 1493 ίδ
3564 1463 3642 1532 τῷ
3685 1463 3890 1515 δοκεῖν.

2312 1552 2499 1623 Σάρκα
2546 1551 2602 1604 δὲ
2658 1553 2720 1605 οὐ
2746 1552 2888 1604 θέλει
2945 1552 3301 1616 ἀνίστασθαι,
3352 1553 3531 1623 γάμον
3574 1551 3630 1606 δὲ
3680 1554 3892 1625 φθορὰν

2312 1638 2450 1695 εἶναι
2476 1642 2647 1710 λέγων
2682 1644 3030 1714 κυνικωτέρῳ
3058 1644 3158 1714 βίῳ
3189 1645 3458 1715 προσάγει
3478 1646 3527 1676 ⁵⁸
3555 1646 3682 1709 τοὺς
3711 1644 3894 1715 μαθη-

2309 1735 2429 1795 τὰς.
2462 1735 2518 1787 ὲν
2561 1733 2769 1797 τούτοις
2806 1736 3041 1804 νομίζων
3079 1736 3267 1787 λυπεῖν
3307 1736 3401 1789 ετὺν
3441 1737 3796 1808 δημιουργὸν,
3839 1739 3893 1790 εἰ

2309 1823 2418 1876 τῶν
2448 1824 2541 1876 ὑπ’
2569 1825 2733 1878 αὐτοῦ
2765 1829 3063 1895 γεγονότων
3088 1828 3120 1899 ἢ
3146 1828 3469 1900 ὡρισμένων
3496 1831 3779 1901 ἀπέχοιτο.

2381 2098 2448 2144 κ’.
2514 2091 2780 2161 Ἀπελλῆς
2804 2093 2849 2123 ⁸⁸
2879 2093 2935 2146 δὲ
2982 2096 3009 2146 ὁ
3041 2093 3230 2147 τούτου
3268 2094 3519 2166 μαθητὴς
3550 2096 3891 2166 άπαρεσθεὶς

2308 2186 2421 2245 τοῖς
2468 2182 2572 2235 ὑπὸ
2604 2183 2697 2236 τοῦ
2738 2184 3056 2237 διδασκάλου
3102 2186 3444 2255 εἰρημένοις,
3499 2186 3643 2239 καθὰ
3698 2190 3891 2258 προεξ-

2312 2293 2507 2344 πομεν,
2557 2277 2697 2343 ἄλλῳ
2736 2277 2879 2346 λόγῳ
2922 2277 3154 2331 ὑπέθετο
3199 2280 3474 2349 τέσσαρας
3516 2276 3653 2334 εἶναι
3703 2280 3887 2346 θεοὺς,

2305 2360 2380 2421 ὧν
2422 2367 2519 2419 ἕνα
2569 2368 2768 2437 φάσκει
2816 2366 3068 2440 [ἀγαθὸν]
3097 2370 3166 2432 ⁸⁷,
3214 2368 3273 2424 ὃν
3321 2370 3446 2423 οὔτε
3496 2372 3545 2424 οἱ
3600 2374 3888 2443 προφῆται

2307 2458 2566 2527 ἔγνωσαν,
2600 2454 2661 2513 οὗ
2693 2457 2833 2511 εἶναι
2866 2459 2981 2513 υἱὸν
3031 2460 3124 2515 τὸν
3153 2461 3407 2531 Χριστόν·
3456 2463 3642 2533 ἕτερον
3688 2464 3747 2518 δὲ
3792 2468 3889 2519 τὸν

2304 2550 2636 2619 δημιουργὸν
2670 2551 2763 2603 τοῦ
2803 2551 3022 2615 παντὸς,
3054 2551 3113 2603 ὃν
3141 2553 3201 2603 οὐ
3229 2552 3350 2605 Θεὸν
3377 2548 3517 2606 εἶναι
3550 2553 3693 2607 θέλει
3713 2596 3729 2619 ,
3762 2556 3884 2609 ἓτε-

2309 2659 2397 2712 ρον
2427 2642 2482 2694 δὲ
2520 2642 2743 2713 πύρινον
2769 2643 2860 2695 τὸν
2901 2646 3154 2711 φανέντα,
3188 2646 3375 2715 ἕτερον
3403 2646 3460 2697 δὲ
3500 2648 3762 2718 πονηρὸν,
3791 2647 3888 2711 οὓς

2303 2734 2566 2802 ἀγγέλους
2596 2734 2783 2800 καλεῖ,
2816 2734 3074 2803 προσθεὶς
3104 2736 3159 2788 δὲ
3192 2736 3284 2789 τὸν
3317 2738 3550 2805 Χριστὸν
3599 2740 3696 2792 καὶ
3734 2742 3858 2811 πέμ

2304 2844 2436 2877 πτον
2484 2827 2619 2895 ἐρεῖ.
2672 2826 2933 2896 Προσέχει
2979 2825 3034 2878 δὲ
3086 2826 3287 2897 βίϐλῳ,
3338 2829 3403 2898 ἢν
3442 2828 3488 2859 ⁵⁸
3537 2829 3887 2901 Φανερὼσεις

2303 2912 2459 2964 καλεῖ
2487 2913 2817 2983 Φιλουμένης
2844 2914 3008 2976 τινὸς,
3034 2914 3100 2984 ἣν
3134 2919 3402 2986 προφῆτιν
3426 2917 3471 2949 ⁸⁸
3501 2919 3733 2987 νομίζει.
3770 2921 3887 2991 Τὴν

2301 3001 2357 3053 δὲ
2404 3004 2583 3072 σάρκα
2632 3004 2721 3056 τὸν
2757 3005 2990 3075 Χριστὸν
3037 3007 3137 3060 οῦκ
3167 3010 3231 3060 ἐκ
3278 3011 3376 3079 τῆς
3421 3010 3698 3081 Παρθένου
3732 3013 3887 3082 λέγει

2303 3092 2763 3162 προσειληφέναι,
2802 3092 2919 3145 ἀλλ’
2954 3096 3017 3147 ὲκ
3057 3096 3156 3163 τῆς
3196 3099 3609 3168 παρακειμένης
3642 3099 3739 3152 τοῦ
3787 3102 3886 3154 κό-

2304 3199 2441 3252 σμου
2473 3184 2682 3246 οὐσίας.
2727 3184 2804 3255 [ιι.
2846 3184 2969 3239 527.
3016 3186 3142 3257 528]
3186 3186 3372 3250 Οὕτως
3402 3191 3543 3242 κατὰ
3581 3190 3676 3243 ’τοῦ
3711 3192 3882 3261 νόμου

2223 3258 2265 3317 C
2301 3275 2393 3327 καὶ
2418 3275 2524 3327 τῶν
2555 3277 2845 3348 προφητῶν
2867 3278 3220 3347 συντάγματα
3244 3282 3465 3349 ἐποίησε
3493 3284 3559 3343 ⁸ο,
3585 3284 3883 3339 καταλύειν

2300 3367 2501 3429 αὐτοὺς
2525 3368 2819 3437 ἐπιχειρῶν
2843 3368 2918 3431 ὡς
2940 3368 3108 3439 ψευδῆ
3139 3370 3499 3441 λελαληκότας
3524 3374 3619 3426 καὶ
3650 3374 3775 3427 Θεὸν
3806 3381 3882 3448 μη

2298 3457 2623 3523 ἐγνωκότας·
2658 3457 2865 3529 σάρκας
2891 3460 2932 3490 ⁶¹
2968 3476 3027 3511 τε
3057 3460 3393 3515 ἀπόλλυσθαι
3423 3463 3467 3493 ⁵³
3492 3464 3695 3533 ὁμοίως
3729 3466 3879 3537 Map-

2297 3546 2452 3600 κίωνι
2480 3547 2648 3616 λέγει.

2368 3638 2475 3692 κα’.
2520 3640 2788 3710 Κήρινθος
2830 3641 2887 3693 δὲ
2927 3642 2994 3702 ⁸³,
3033 3646 3061 3695 ό
3105 3642 3163 3694 ὲν
3211 3645 3276 3713 τῇ
3317 3642 3576 3715 Αἰγύπτῳ
3615 3646 3881 3716 ἀσκηθεὶς

2297 3730 2479 3795 αὐτὸς,
2516 3732 2614 3801 οὐχ
2643 3732 2747 3785 ὑπὸ
2780 3733 2875 3786 τοῦ
2911 3733 3129 3803 πρώτου
3167 3735 3290 3789 Θεοῦ
3332 3736 3421 3789 τὸν
3472 3738 3681 3808 κόσμον
3714 3757 3879 3807 γεγο-

2298 3822 2448 3875 νέναι
2481 3823 2769 3894 ἠθέλησεν,
2801 3826 2913 3879 ἀλλ’
2942 3826 3045 3879 ὑπὸ
3073 3827 3355 3897 δυνάμεώς
3378 3847 3520 3893 τινος
3549 3831 3875 3901 ἀγγελικῆς,

2297 3913 2431 3967 πολὺ
2474 3914 2887 3985 κεχωρισμένης
2918 3917 3012 3969 καὶ
3039 3917 3338 3988 διεστώσης
3372 3921 3472 3990 τῆς
3506 3922 3646 3992 ὑπὲρ
3680 3922 3750 3975 τά
3781 3926 3880 3977 ὅλα

2298 4004 2585 4068 αύΘεντίας
2638 4007 2732 4059 καὶ
2773 4007 3073 4079 ἀγνοούσης
3121 4009 3130 4079 Ι
3168 4010 3260 4063 τὸν
3313 4012 3454 4081 ὑπὲρ
3502 4015 3680 4067 πάντα
3730 4014 3877 4070 Θεόν.

2298 4095 2401 4147 ἰ’ὸν
2421 4095 2477 4148 δὲ
2520 4096 2724 4167 Ἰησοῦν
2752 4098 2898 4167 λέγει
2932 4101 3006 4171 μὴ
3040 4103 3103 4153 ἐκ
3136 4102 3411 4172 Παρθένου
3444 4104 3773 4176 γεγενῆσθαι
3806 4107 3879 4170 ⁸⁸,

2296 4187 2578 4255 γεγονέναι
2630 4189 2686 4242 δὲ
2739 4192 2900 4244 αὐτὸν
2951 4193 3011 4257 ἐξ
3081 4194 3281 4264 Ἰωσὴφ
3338 4197 3432 4248 καὶ
3485 4198 3699 4267 Μαρίας
3760 4200 3880 4251 υἱὸν

2296 4280 2503 4349 ὁμοίως
2527 4284 2572 4313 ⁸⁸
2598 4285 2710 4345 τοῖς
2753 4283 2957 4347 λοιποῖς
2995 4285 3305 4358 ἀνθρώποις
3327 4329 3340 4351 ,
3373 4291 3467 4342 καὶ
3506 4290 3879 4360 διενηνοχέναι

2296 4373 2353 4425 ὲν
2383 4372 2699 4447 δικαιοσύνῃ
2724 4378 2817 4429 καὶ
2846 4379 3170 4451 σωφροσύνῃ
3199 4382 3291 4433 καὶ
3326 4382 3539 4435 συνέσει
3568 4384 3712 4453 ὑπὲρ
3739 4386 3880 4437 πάν-

2296 4483 2393 4529 τας
2426 4469 2553 4531 τοὺς
2595 4467 2835 4534 λοιπούς.
2878 4472 2986 4524 Καὶ
3031 4474 3168 4543 μετά
3212 4474 3271 4527 τὸ
3314 4474 3601 4545 βάπτισμα
3644 4476 3880 4547 κατελη-

2297 4556 2515 4613 λυθέναι
2543 4563 2621 4622 εἰς
2650 4562 2811 4617 αὑτδν
2851 4564 2914 4617 ὲκ
2943 4564 3042 4633 τῆς
3076 4566 3216 4637 ὑπὲρ
3252 4567 3317 4619 τὰ
3350 4567 3445 4620 ὅλα
3476 4568 3759 4625 αὐθεντίας
3779 4570 3877 4621 τὸν

2229 4645 2268 4698 Ι)
2297 4649 2532 4719 Χριστὸν
2572 4651 2630 4703 ἐν
2680 4652 2811 4705 εἴδει
2843 4656 3207 4726 περιστερᾶς,
3255 4656 3349 4710 καὶ
3386 4657 3507 4710 τότε
3544 4659 3589 4689 ⁶⁶
3637 4658 3880 4728 κηρῦξαι

2297 4740 2390 4793 τὸν
2438 4741 2715 4809 ἄγνωστον
2758 4745 2971 4816 πατέρα
3015 4748 3109 4800 καὶ
3133 4749 3175 4779 ⁸⁷
3223 4748 3481 4820 δυνάμεις
3525 4751 3879 4816 ἐπιτελέσαι,

2297 4831 2434 4903 πρὸς
2463 4833 2521 4886 δὲ
2544 4833 2622 4905 τῷ
2650 4836 2795 4889 τέλει
2817 4837 2911 4890 τοῦ
2935 4839 3140 4903 πάθους
3170 4842 3485 4913 ἀποπτῆναι
3518 4843 3607 4898 τὸν
3637 4845 3879 4913 Χριστὸν

2298 4924 2406 4977 ἀπὸ
2437 4924 2531 4977 τοῦ
2579 4926 2755 4996 Ἰησοῦ
2782 4929 2846 4960 ⁸⁸⁸
2878 4932 3201 4985 πεπονθέναι
3242 4933 3333 4986 τὸν
3393 4935 3623 5004 Ἰησοῦν,
3671 4937 3761 4989 τὸν
3814 4937 3878 4988 δὲ

2300 5015 2538 5086 Χριστὸν
2570 5018 2758 5090 ἀπαθῆ
2787 5022 3178 5093 μεμενηκέναι,
3210 5024 3438 5096 Πνεῦμα
3465 5027 3671 5098 Κυρίου
3704 5026 3881 5097 ύπάρ·

2293 5123 2477 5175 χοντα.

1923 5257 2155 5314 γΑίιιΑε
2207 5248 2612 5323 LEC‘l‘lONES.

691 5392 854 5475 με.
883 5390 1256 5475 .‘l‘lz‘tltlj.nt'tt,
1295 5390 1381 5471 48.
1419 5390 1755 5475 Οὺηδύναται
1789 5390 2002 5463 δένδρον
2032 5394 2253 5475 ἀγαθὸν.
2291 5401 2535 5475 gap-39%,;
2586 5407 2867 5475 πονηροὺς
2922 5409 3095 5460 ποιεῖν
3138 5424 3191 5459 κ,
3226 5423 3279 5459 τ’
3314 5407 3364 5459 λ.
3440 5407 3484 5437 ss
3514 5407 3592 5457 δν,
3644 5405 3701 5456 δν
3744 5403 3880 5475 τᾷνῗ

620 5462 667 5493 ⁸⁸
689 5461 845 5515 ἀλλά.
872 5462 985 5513 ἀλλ’

696 5531 793 5609 ἕνα
818 5532 1014 5609 φάσκει
1045 5532 1267 5609 ἀγαθόν.
1318 5532 1414 5584 ἕνα
1444 5530 1669 5609 φάσκων
1697 5533 1757 5588 C.
1791 5531 1862 5609 Μ,
1899 5530 1994 5586 ἕνα
2027 5530 2164 5589 εἶναι
2203 5540 2428 5606 φάσκων
2458 5530 2755 5609 Roeperiis.
2835 5547 2855 5576 ⁸

1608 5603 1653 5633 ⁵³
1682 5603 1975 5677 προφῆτιν·
2027 5603 2312 5677 προφήτην
2335 5609 2395 5663 C-

618 5599 680 5671 C,
729 5600 1020 5671 Προσέχειν
1058 5631 1126 5640 —
1154 5604 1219 5671 ἣν
1255 5616 1399 5671 susp.
1429 5601 1515 5660 Μ.

620 5669 666 5701 ⁸⁸
710 5669 1011 5741 audissem
1040 5671 1100 5725 C.
1178 5669 1254 5702 ⁷⁸³
1291 5670 1373 5726 Cl'.
1443 5688 1601 5739 supra
1639 5669 1878 5741 ἴρζ484,
1924 5669 2114 5729 59-51.

620 5756 653 5808 p
701 5740 829 5802 404,
858 5740 943 5794 44.

619 5825 783 5879 supra
811 5826 862 5877 p.
904 5810 1030 5875 404,
1058 5809 1145 5865 48.

1014 5460 1085 5530 ﬁ?
1126 5462 1413 5533 Sauppius.
1491 5460 1536 5533 'f"
1579 5462 1866 5533 προσάγει.
1900 5460 2194 5533 προσάγων
2216 5467 2277 5521 C.

2221 5679 2260 5709 “
2302 5679 2630 5751 γεγενῆσθαι
2658 5683 2720 5739 C.

1136 5741 1285 5818 τότε.
1324 5742 1556 5818 τοῦτονῖ
1588 5743 1853 5818 ﬁauppitrs
1876 5748 2027 5818 {sed
2051 5749 2144 5818 α’.
2179 5741 2337 5818 supra
2445 5741 2572 5812 484,
2598 5752 2686 5806 47.

2355 5470 2401 5500 ⁸⁸
2450 5470 3075 5576 Ἀπελλῆς’ζοΧ⁸ριστόν.
3111 5476 3192 5531 Cf.
3230 5492 3387 5576 supra
3413 5492 3465 5541 ρ.
3506 5476 3631 5539 MU,
3671 5472 3875 5532 5—28.

2355 5556 2428 5576 nm
2459 5540 2734 5576 “Annus-nn
2835 5547 2855 5576 8
2908 5547 3163 5576 Ποιλρλυρ.
3334 5564 3363 5576 ι.
3423 5544 3716 5576 Πμληέ-ιεη,
3739 5572 3806 5576 -
3836 5547 3873 5576 ³

3192 5576 3261 5585 -
3292 5544 3878 5684 ἓντσὲρρὲαῖέκϊξρῑαᾎ

2816 5687 2859 5715 ⁸⁵
2893 5686 3112 5754 ὁμοίως.
3160 5687 3344 5755 ὅμοιον
3381 5683 3543 5745 (3.⁷Μ.
3574 5683 3661 5737 Cf.
3706 5698 3876 5755 supra

2782 5756 2823 5787 ⁸⁷
2859 5756 2970 5807 καί.
3000 5758 3096 5808 καὶ
3138 5754 3276 5817 τάςῖ
3307 5755 3607 5824 Sauppius;
3646 5756 3743 5824 sed
3789 5754 3873 5809 cf.

1244 5812 1287 5845 σε
1324 5813 1519 5883 Ἰησοῦ.
1552 5812 1668 5866 υἱοῦ
1697 5813 1758 5868 C.
1789 5812 1858 5868 Μ.
1892 5814 2060 5870 Sicuti
2109 5833 2209 5873 nos

2304 5812 2408 5873 iat'u
2449 5819 2515 5875 ll.
2554 5820 2769 5879 Scottus
2807 5826 3064 5879 correxit.
3094 5824 3178 5880 Cf.
3204 5812 3365 5895 supra
3628 5823 3697 5877 49
