4124 6570
223 460 362 521 3430
883 483 886 485 >
1355 445 1652 506 CONTRA
1687 441 1844 504 HIEE

1950 440 2050 500 iES
2088 441 2232 501 LIB.
2268 440 2339 498 X.
3330 438 3469 502 BMG

298 563 401 619 κδ’.
442 561 486 594 ⁸⁸
523 558 825 614 Ἐσιωναῖοι
854 555 899 586 ⁷⁸
959 553 1015 607 δὲ
1060 551 1150 605 τὸν
1195 549 1294 622 μὲν
1334 551 1534 620 κόσμον
1563 547 1669 602 ὑπὸ
1709 547 1802 600 τοῦ
1834 583 1844 610 ε

1980 545 2072 610 22,
2104 545 2342 599 Ehionmi
2378 552 2556 598 autem
2586 543 2841 600 mundum
2885 544 3099 614 quidem
3143 546 3211 600 ab
3250 561 3336 612 eo,
3377 551 3468 618 qui

227 658 398 719 ὅντως
417 654 461 685 ⁷¹
511 649 647 706 Θεοῦ
698 647 982 718 γεγονέναι
1025 644 1284 713 λέγουσι,
1338 643 1428 696 τὸν
1457 642 1514 696 δὲ
1562 640 1815 713 Χριστὸν.

1950 651 2094 691 :vera
2121 634 2264 688 Dens
2294 645 2397 700 est,
2439 634 2639 689 factum
2689 651 2809 690 esse
2834 637 3038 700 dicunt,
3068 637 3342 692 Christum
3376 654 3473 692 an-

229 746 429 818 ὁμοίως
458 742 736 814 Κηρίνθῳ.
769 740 910 794 Ζῶσι
937 736 993 790 δὲ
1041 737 1218 791 πάντα
1262 735 1403 790 κατὰ
1427 733 1593 804 νόμον
1632 733 1799 785 Mnib-

1950 742 2008 779 tn
2040 725 2400 780 consimiliter
2434 725 2716 780 Cerintho.
2755 725 2927 780 Vitam
2956 737 3137 782 autem
3179 740 3349 796 agunt
3383 743 3480 796 per

234 815 327 894 σοῦ
357 839 429 905 τ’,
455 835 598 890 οὕτω
627 833 926 902 φάσκοντες
954 826 1315 882 δικαιοῦσθαι.

1950 815 2081 868 nnia
2108 816 2406 870 secundum
2458 815 2628 886 legem
2663 816 2847 881 Mnsis,
2897 817 2970 872 ita
3023 818 3333 874 dictitantes
3359 834 3478 875 sese

1895 905 2202 974 jttstilicari.

303 1017 407 1079 κγ’.
447 1009 698 1068 Θεόδοτος
723 1006 777 1058 δὲ
801 1007 829 1058 ό
853 1003 1143 1066 Βυζάντιος
1165 999 1499 1069 εἰσηγήσατο
1522 997 1569 1028 ’³
1589 996 1803 1066 αἳρεσιν

1975 996 2064 1058 25,
2117 995 2430 1050 Theodotus
2480 1005 2659 1049 autem
2697 997 2988 1067 Byzantius
3028 999 3324 1054 introduxit
3368 1000 3478 1056 Ita:-

234 1103 440 1156 τοιάνδε
466 1139 480 1161 ,
517 1101 739 1169 φάσκων
767 1097 833 1148 τὰ
875 1096 970 1165 μὲν
1005 1093 1103 1147 ὃλα
1143 1091 1248 1144 ὑπὸ
1276 1089 1369 1142 τοῦ
1399 1089 1568 1152 ὅντως
1597 1090 1645 1120 ’⁸
1669 1087 1802 1141 Θεοῦ

1950 1089 2050 1141 :sin
2081 1087 2474 1155 hujuscemodi,
2515 1089 2706 1143 dicens
2736 1091 2988 1144 universa
3035 1091 3252 1156 quidem
3293 1094 3359 1147 ab
3388 1108 3476 1156 eo,

235 1191 540 1264 γεγονέναι.
567 1188 656 1241 τὸν
679 1186 734 1239 δὲ
763 1184 997 1256 Χριστὸν
1017 1181 1216 1253 ὁμοίιος
1246 1181 1356 1243 τοῖς
1387 1176 1808 1249 προειρημένοις

1950 1179 1999 1232 ni
2029 1192 2215 1232 revera
2248 1177 2390 1234 Deus
2417 1188 2519 1243 est,
2544 1179 2784 1250 profecta
2807 1196 2950 1243 esse,
2995 1182 3268 1237 Christum
3299 1196 3478 1238 autem

236 1279 560 1349 γνωπικοίς
605 1276 804 1343 φάσκει
849 1271 1078 1340 τοιούτῳ
1111 1269 1218 1323 τινὶ
1265 1269 1453 1339 τρόπῳ
1488 1268 1807 1337 πεφηνέναιο

1950 1272 2268 1326 nusimiliter
2292 1287 2453 1341 supra
2509 1272 2672 1325 dictis
2715 1273 2972 1341 gnosticis
3016 1273 3090 1325 ait
3129 1274 3217 1326 tali
3250 1275 3480 1341 qundam

240 1371 378 1425 εἶναι
414 1369 470 1421 δὲ
499 1369 590 1421 τὸν
620 1365 853 1437 Χριστὸν
889 1359 1112 1434 κίοινγων
1143 1362 1186 1392 ’⁵
1219 1360 1504 1430 ἄνθρωπον
1533 1361 1580 1390 ⁷⁸
1623 1363 1808 1422 πὶσιν,

1952 1366 2073 1415 mdo
2107 1365 2426 1432 apparuisse
2474 1381 2488 1416 :
2541 1377 2658 1416 esse
2706 1374 2882 1416 autem
2919 1363 3189 1417 Christum
3241 1365 3480 1434 ejusdem

239 1464 296 1516 ὲν
325 1461 383 1514 δὲ
421 1457 594 1526 τούτῳ
621 1455 920 1525 διαφέρειν,
949 1455 1031 1507 ὅτι
1077 1452 1218 1504 κατὰ
1254 1449 1447 1519 βουλὴν
1485 1449 1618 1502 Θεοῦ
1650 1449 1812 1517 γεγέ-

1950 1453 2128 1506 eneris
2159 1463 2320 1520 atque
2347 1467 2534 1506 omnes
2567 1453 2832 1514 homines,
2861 1451 2958 1505 hac
2980 1469 3036 1507 re
3061 1464 3240 1507 autem
3261 1469 3380 1508 esse
3405 1455 3486 1509 di-

241 1569 399 1624 νηται
434 1553 499 1602 ὲκ
533 1547 842 1617 Παρθένου,
875 1542 1293 1604 ὲπισκιάσαντος
1321 1540 1412 1592 τοῦ
1449 1540 1603 1608 ἁγίου
1650 1539 1817 1592 Πνεύ-

1953 1559 2157 1610 crsnm,
2188 1543 2329 1611 quod
2369 1543 2978 1597 secundum'consilium
3018 1544 3197 1598 Patris
3231 1555 3392 1600 natus
3417 1547 3486 1600 sit

246 1661 437 1716 ματος,
461 1643 560 1694 οὐκ
589 1643 645 1693 ἐν
677 1642 742 1709 τῇ
778 1635 1040 1706 Παρθένῳ
1089 1632 1472 1705 σαρκωθέντα·
1506 1633 1729 1702 ὕστερον
1759 1631 1816 1684 δὲ

1954 1651 1983 1688 x
2020 1634 2258 1704 Virgine,
2287 1633 2373 1688 cui
2400 1634 2812 1688 obumbraverit
2838 1635 3076 1704 Spiritus
3105 1647 3343 1701 sanctus,
3381 1653 3484 1692 non

244 1738 335 1790 ἐπὶ
363 1734 455 1788 τοῦ
488 1732 865 1803 βαπτίσματος
893 1725 1317 1797 κατεληλυθέναι
1347 1723 1438 1776 τὸν
1464 1723 1698 1795 Χριστὸν
1726 1724 1818 1776 ἐπὶ

1950 1740 1973 1776 ιι
2013 1721 2234 1793 Virgine
2262 1723 2644 1788 incarnatnm;
2691 1733 2879 1791 postea
2935 1741 3060 1779 vero
3117 1729 3168 1779 in
3219 1727 3486 1796 baptismo

245 1827 335 1881 τὸν
375 1825 578 1896 Ἰησοῦν
619 1825 674 1874 ὲν
706 1822 835 1873 εῖδει
871 1819 1236 1889 περιστερᾶς,
1278 1817 1397 1870 ὅθεν
1429 1817 1559 1886 φασὶ.
1590 1816 1664 1886 μὴ
1689 1815 1820 1887 πρό-

1950 1815 2196 1884 lelapsnm
2224 1829 2344 1869 esse
2369 1814 2644 1869 Christum
2677 1828 2840 1882 super
2868 1813 3048 1868 .lesum
3099 1816 3152 1869 in
3187 1818 3366 1884 specie
3393 1833 3486 1872 co-

248 1935 402 1990 τερον
430 1917 526 1978 τὰς
559 1915 818 1982 δυνάμεις
858 1909 1008 1980 αὐτῷ
1039 1908 1423 1979 ὲνεργηθῆναι.
1475 1906 1610 1960 Θεὸν
1637 1906 1694 1960 δὲ
1723 1907 1822 1960 οὐκ

1950 1912 2138 1972 nmhte,
2191 1916 2525 1976 quapropter
2582 1906 2736 1959 aiunt
2769 1921 2874 1960 non
2928 1907 3075 1974 prius
3115 1917 3407 1974 potestates
3437 1910 3486 1962 in

250 2003 388 2062 εἷναι
420 2006 511 2059 τὸν
537 2002 769 2074 Χριστὸν
805 2000 972 2055 θέλει.
1008 1999 1114 2052 Καὶ
1144 1997 1372 2052 τοιαῦτα
1406 1997 1679 2060 Θεόδοτος.

1955 2015 1986 2052 o
2019 1999 2277 2068 viguisse.
2322 1998 2487 2051 Demn
2535 2006 2714 2050 autem
2761 2013 2866 2050 non
2902 2013 3024 2052 eSse
3053 1998 3324 2053 Christum
3357 2000 3488 2064 vult,

1923 2088 1992 2142 Et
2020 2089 2142 2141 talia
2177 2087 2512 2142 Theodotus.

327 2180 423 2235 κδ’.
484 2177 704 2249 Ἐτεροι
757 2173 815 2227 δὲ
858 2174 902 2204 ⁷⁷
965 2173 1061 2224 καὶ
1099 2169 1357 2232 ὡσαύτως
1384 2170 1430 2201 ⁷-⁸
1495 2169 1670 2221 πάντα
1715 2168 1826 2230 τοῖς

255 2268 672 2341 προειρημένοις
719 2261 794 2335 [ρ.
839 2259 1141 2331 528—550]
1186 2260 1432 2325 λέγουσιν
1457 2261 1524 2320 ’⁵,
1575 2258 1631 2310 ἓν
1671 2258 1827 2326 μόνον

253 2358 690 2423 ὲνδιαλλάξαντες
718 2357 776 2407 ὲν
821 2353 897 2424 τῷ
925 2354 1016 2407 τὸν
1045 2355 1217 2422 Μελχι
1247 2353 1258 2421 1
1293 2353 1449 2404 σεδὲκ
1489 2353 1565 2414 ὡς
1603 2351 1828 2421 δύναμιν

255 2469 375 2504 τινα
400 2451 446 2482 ⁸⁸
496 2448 880 2519 ὑπειληφέναι,
916 2447 1218 2510 φάσκοντες
1260 2443 1422 2495 αὑτὸν
1470 2443 1610 2512 ὑπὲρ
1652 2443 1830 2494 πᾶσαν

255 2541 483 2612 δύναμιν
523 2540 815 2610 ὑπάρχειν,
844 2533 904 2591 οὗ
935 2537 1051 2589 κατ’
1079 2535 1264 2587 εἰκόνα
1289 2534 1330 2564 ⁸¹
1377 2531 1478 2604 [δὲ]
1509 2535 1553 2563 ³⁸
1577 2527 1717 2584 εἶναι
1742 2530 1832 2584 τὸν

1993 2178 2085 2231 24.
2118 2176 2220 2230 Alii
2259 2185 2436 2230 autem
2477 2175 2639 2229 etiam
2664 2174 2845 2229 omnia
2874 2176 3060 2230 eodem
3099 2177 3280 2243 modo,
3301 2191 3407 2246 quo
3434 2177 3493 2244 ii,

1927 2265 2284 2336 528-529
2310 2266 2397 2333 qui
2449 2274 2609 2320 antea
2639 2265 2766 2319 dicti
2817 2277 2964 2328 sunt,
3023 2267 3337 2336 loquuntur,
3391 2285 3495 2323 una

1929 2368 2135 2412 tantmn
2169 2373 2225 2412 re
2253 2355 2589 2420 differentes,
2619 2357 2763 2426 quod
2794 2357 3190 2413 Melchisedech
3235 2371 3493 2430 tanquam

1929 2463 2024 2519 pro
2057 2457 2324 2518 potestate
2381 2449 2611 2516 quadam
2660 2445 2948 2520 [maxima]
2993 2448 3209 2510 habent,
3257 2450 3497 2504 dicentes

1928 2553 2049 2592 eum
2096 2551 2260 2606 supra
2305 2551 2580 2606 quamque
2624 2547 2944 2606 potestatem
2991 2552 3134 2605 esse,
3168 2540 3318 2607 cujus
3361 2541 3499 2592 ima-

257 2633 490 2706 Χριστὸν
524 2631 791 2684 θέλουσιν.

1950 2625 2108 2695 ;inem
2148 2623 2350 2680 referre
2389 2626 2661 2679 Christum
2697 2626 2907 2680 volunt.

329 2723 431 2779 κε’.
473 2725 533 2775 Oi
582 2723 639 2775 δὲ
689 2719 899 2792 Φρύγες
939 2719 984 2750 ⁸³
1037 2719 1099 2769 ὲκ
1143 2715 1419 2770 Μοντανοῦ
1468 2714 1516 2745 ⁸³
1564 2730 1706 2776 τινος
1742 2715 1835 2766 καὶ

2003 2715 2097 2770 25.
2136 2714 2377 2787 Phryges
2417 2726 2595 2769 autem
2637 2732 2700 2768 ex
2746 2715 3002 2772 Montano
3036 2717 3267 2782 quodam
3291 2727 3345 2772 et
3380 2717 3499 2772 Pri-

259 2813 594 2885 [Ιρισκίλλης
620 2813 713 2863 καὶ
745 2808 1093 2879 Μαξιμίλλης
1120 2804 1218 2867 τὰς
1243 2804 1417 2874 άρχὰς
1441 2803 1540 2871 τῆς
1571 2802 1835 2871 αἱρέσεως

1950 2805 2085 2860 scilla
2127 2805 2526 2878 Maximillaque
2554 2811 2706 2863 initia
2757 2810 2982 2864 haeresis
3017 2827 3127 2866 sua:
3169 2816 3331 2878 nacti,
3375 2828 3500 2881 pro-

258 2907 554 2967 λαϐόντες,
600 2901 951 2973 προφήτιδας
1009 2898 1080 2950 τὰ
1127 2897 1327 2964 γύναια
1375 2895 1686 2966 νομίζοντες
1743 2893 1836 2945 καὶ⁵

1950 2895 2206 2948 )hetissas
2245 2911 2364 2950 esse
2396 2897 2741 2951 mulierculas
2783 2899 2904 2952 illas
2926 2910 3180 2969 putantes
3205 2907 3506 2972 etprophe-

262 2999 548 3069 προφήτην
585 2994 676 3046 τὸν
719 2993 995 3046 Μοντᾶνον
1030 2991 1106 3055 ⁸⁵,
1157 2989 1227 3042 τὰ
1270 2989 1327 3041 δὲ
1355 2989 1401 3019 ⁸⁸
1440 2987 1571 3057 περὶ
1611 2987 1710 3056 τῆς
1742 2984 1834 3038 τοῦ

1950 2998 2046 3036 lam
2080 2984 2390 3040 Montanum
2421 3026 2436 3050 ,
2483 2997 2537 3041 et
2571 3005 2691 3058 qua:
2727 2992 2794 3043 ad
2846 2993 3082 3047 universi
3140 2994 3400 3064 originem
3453 3006 3506 3050 et

263 3089 463 3150 παντὸς
497 3086 672 3157 ἀρχῆς
724 3084 818 3136 καὶ
848 3081 1212 3154 δημιουργίας
1259 3079 1435 3150 ὀρθῶς
1471 3079 1651 3146 λέγειν
1683 3075 1838 3145 νομί⁸

1950 3074 2198 3128 ΓιιΙινῑοιιιιι
2247 3077 2496 3143 attinent,
2530 3092 2676 3132 recte
2713 3081 2892 3135 dicere
2939 3083 3141 3148 solent,
3179 3096 3234 3139 et
3287 3100 3405 3154 qua:
3440 3089 3507 3139 ad

265 3181 417 3245 ζουσι
436 3180 504 3243 ⁸⁷,
557 3178 653 3230 καὶ
697 3176 766 3228 τὰ
809 3176 938 3240 περὶ
985 3172 1076 3225 τὸν
1117 3171 1350 3242 Χριστὸν
1394 3170 1494 3222 οὐκ
1543 3168 1836 3236 ἀλλοτρίως

1950 3167 2236 3235 Christum,
2271 3185 2374 3225 non
2402 3172 2580 3240 inepte
2608 3173 2837 3241 amplexi
2857 3184 3005 3238 sunt,
3044 3175 3303 3230 falluntur
3329 3186 3506 3232 autem

263 3271 716 3344 προσειλήφασιν,
743 3267 838 3319 σὺν
862 3265 906 3296 ⁸⁸
924 3264 980 3317 δὲ
1005 3265 1115 3326 τοῖς
1139 3261 1554 3333 προειρημένοις
1576 3257 1838 3326 σφάλλονο

1950 3275 2063 3312 cum
2099 3275 2260 3332 supra
2297 3261 2476 3324 dictis,
2511 3263 2578 3316 ad
2611 3279 2840 3333 quorum
2861 3266 3027 3320 verba
3059 3268 3231 3337 magis
3262 3283 3422 3338 quam
3441 3270 3508 3323 ad

264 3381 375 3428 ται,
402 3357 479 3415 ὧν
501 3363 613 3422 τοῖς
635 3359 815 3427 λόγοις
855 3356 993 3425 ὑπὲρ
1025 3355 1092 3406 τὰ
1125 3353 1431 3421 Εὑαγγέλια
1476 3351 1838 3421 προσέχοντες

1950 3351 2234 3420 Evangelia
2265 3366 2386 3406 sese
2420 3353 2756 3422 applicantes
2803 3365 3015 3423 errant,
3043 3357 3247 3427 jejunia
3288 3374 3429 3416 nova
3457 3373 3514 3417 et

267 3453 608 3518 πλανῶνται,
666 3452 918 3520 νηστείας
972 3445 1166 3508 καινὰς
1196 3443 1240 3476 ⁸⁸
1285 3443 1382 3497 καὶ
1421 3442 1756 3514 παραδόξους
1794 3441 1840 3474 ⁸⁸

1950 3453 2290 3495 monstruosa
2325 3443 2663 3500 deﬁnientes.

267 3542 567 3614 ὁρίζοντες.

340 3637 455 3696 κς’.
499 3631 719 3699 Ἕτεροι
750 3627 807 3680 δὲ
850 3627 891 3658 ⁹¹
929 3625 1109 3679 αὐτῶν
1140 3629 1208 3698 τῇ
1242 3624 1351 3678 τῶν
1397 3623 1714 3696 Νοητιανῶν
1757 3622 1844 3675 αἱ·

275 3725 425 3796 ρέσει
472 3719 860 3790 προσκείμενοι
893 3721 962 3773 τὰ
1011 3718 1109 3789 μὲν
1156 3717 1284 3782 περὶ
1321 3715 1392 3769 τὰ
1437 3717 1635 3783 γύναια
1678 3713 1772 3766 καὶ
1800 3713 1844 3744 ⁹¹

271 3814 552 3868 Μοντᾶνον
579 3811 625 3843 ⁸³
652 3808 850 3880 ὁμοίως
875 3807 1112 3870 δοκοῦσι,
1149 3806 1218 3858 τὰ
1249 3805 1304 3856 δὲ
1341 3804 1470 3874 περὶ
1501 3801 1633 3873 [τὸν]
1661 3802 1769 3855 τῶν
1800 3800 1846 3832 ⁸⁸⁵

270 3908 412 3960 ὅλων
461 3903 681 3972 Πατέρα
736 3899 1134 3968 δυσφημοῦσιν,
1173 3895 1332 3949 αὑτὸν
1381 3892 1520 3947 εἶναι
1574 3895 1701 3946 Υἱδν
1753 3893 1846 3946 καὶ

277 4000 496 4068 Πατέρα
547 3997 825 4064 λέγοντες,
876 3993 1067 4064 ὁρατὸν
1128 3992 1220 4044 καὶ
1269 3990 1533 4061 ἀόρατον,
1589 3988 1846 4057 γεννητὸν

275 4090 374 4144 καὶ
398 4088 711 4156 ἀγέννητον,
739 4083 928 4152 θνητὸν
952 4082 1042 4134 καὶ
1066 4079 1356 4133 ἀθάνατον
1388 4075 1532 4133 οὗτοι
1560 4077 1658 4140 τὰς
1685 4078 1848 4148 ἀφορ-

281 4182 390 4249 μὰς
424 4175 531 4229 ἀπὸ
564 4173 774 4242 Νοητοῦ
806 4189 946 4234 τινος
979 4169 1255 4231 λαϐόντες.

351 4265 454 4331 κζ’.
499 4264 725 4334 Ὁμοίως
751 4263 808 4314 δὲ
841 4262 885 4294 ’⁸
932 4260 1024 4313 καὶ
1062 4258 1303 4329 Νοητὸς,
1338 4255 1416 4328 τῷ
1461 4256 1558 4326 μὲν
1597 4255 1743 4323 γένει
1773 4253 1846 4307 ὢν

280 4357 606 4428 Σμυρναῖος,
656 4353 795 4424 ἀνὴρ
837 4349 1203 4421 ἀκριτόμυθος
1237 4349 1328 4401 καὶ
1364 4347 1608 4410 ποικίλος
1634 4348 1704 4409 ’⁸,
1741 4348 1853 4399 εἰσ-

280 4455 529 4522 ηγήσατο
549 4445 756 4500 τοιάνδε
781 4444 1010 4516 αἵρεσιν,
1030 4441 1088 4507 ἐξ
1104 4441 1386 4510 Ἐπιγόνου
1416 4442 1559 4503 τινὸς
1579 4442 1658 4503 εἰς
1686 4440 1850 4491 Κλεο-

287 4544 460 4613 μένην
488 4541 838 4610 χωρήσασαν,
873 4537 968 4588 καὶ
996 4533 1165 4596 οὕτως
1198 4532 1300 4594 ἓως
1333 4530 1427 4583 νῦν
1459 4532 1550 4583 ἐπὶ
1577 4531 1702 4592 τοὺς
1733 4530 1852 4583 δια-

2015 3615 2106 3669 26.
2143 3614 2244 3666 Alii
2281 3624 2458 3668 autem
2501 3629 2688 3670 eorum
2734 3615 3122 3674 Noetianorum
3161 3619 3356 3675 haeresi
3397 3629 3515 3675 stn-

1947 3706 2136 3760 dentes
2164 3720 2248 3768 ea,
2275 3719 2394 3773 quae
2419 3706 2484 3758 ad
2513 3707 2856 3763 mulierculas
2877 3709 2994 3763 illas
3021 3719 3184 3778 atque
3202 3709 3514 3766 Montanum

1953 3798 2262 3866 pertinent,
2315 3797 2675 3854 consimiliter
2733 3801 2996 3865 sentiunt,
3053 3816 3172 3870 qua
3223 3811 3401 3857 autem
3446 3806 3513 3860 ad

1955 3887 2329 3938 universorum
2359 3886 2592 3952 Patrem,
2618 3885 2914 3955 diifamant,
2951 3891 3122 3959 ipsum
3166 3906 3284 3945 esse
3318 3891 3513 3947 Filium

1949 3987 2000 4030 et
2034 3976 2244 4030 Patrem
2277 3975 2526 4031 dicentes
2587 3978 2849 4034 visibilem
2878 3991 2932 4035 et
2977 3982 3320 4048 invisibilem,
3354 3998 3518 4052 gene-

1955 4079 2126 4121 ratum
2155 4079 2209 4122 et
2238 4084 2344 4124 non
2369 4083 2704 4139 generatum,
2731 4075 3009 4128 mortalem
3045 4084 3097 4130 et
3121 4077 3475 4133 immortalem
3499 4095 3515 4133 :

1955 4159 2005 4212 hi
2035 4175 2064 4211 a
2087 4157 2256 4214 Noelo
2286 4162 2521 4229 quodam‘
2568 4163 2815 4230 profecti.

2024 4249 2116 4305 27.
2145 4251 2516 4307 Consimiliter
2545 4265 2720 4308 antem
2746 4265 2799 4309 et
2821 4255 2988 4311 Noctu
3002 4273 3048 4323 s,
3084 4272 3280 4328 genere
3305 4259 3520 4328 quidem

1957 4343 2287 4413 Smyrnaeus,
2334 4346 2413 4398 vir
2450 4361 2626 4415 nugax
2673 4356 2728 4402 et
2779 4348 2945 4414 vafer,
2974 4351 3272 4404 introduxit
3319 4352 3524 4404 hancce

1957 4435 2206 4500 haeresin,
2238 4451 2357 4506 qua:
2402 4438 2470 4490 ad
2523 4439 2762 4509 Epigono
2799 4447 3028 4510 quodam
3072 4443 3138 4495 ad
3181 4442 3524 4496 Cleomenem

1961 4527 2104 4580 venit
2128 4537 2181 4580 et
2214 4528 2291 4582 sic
2322 4544 2490 4598 usque
2529 4532 2704 4585 adhuc
2731 4531 2785 4586 in
2825 4548 3169 4589 successores
3199 4534 3516 4602 permansit,

283 4610 474 4704 δόχους
507 4628 880 4700 διαμείναςαν,
915 4626 1086 4693 λέγων
1111 4623 1208 4676 ένα
1236 4624 1326 4674 τὸν
1359 4622 1573 4691 Πατέρα
1608 4621 1699 4672 καὶ
1722 4621 1844 4674 Θεὸν

1962 4620 2143 4674 dicens
2165 4635 2326 4674 unum
2354 4636 2475 4675 esse
2533 4621 2750 4678 Patrem
2784 4634 2840 4678 et
2895 4623 3062 4678 Deum
3121 4625 3524 4690 universorum;

283 4724 395 4778 τῶν
426 4723 584 4775 ὅλων·
617 4720 804 4772 τοῦτον
834 4718 1010 4771 πάντα
1041 4713 1376 4785 πεποιηκότα
1403 4714 1581 4783 ἀφανῆ
1619 4713 1716 4783 μὲν
1739 4717 1853 4777 τοῖς

286 4811 409 4870 οὖσι
446 4813 722 4882 γεγονέναι
762 4813 850 4865 ὅτε
881 4809 1176 4880 ἠϐούλετο,
1228 4807 1458 4878 φανῆναι
1502 4807 1557 4859 δὲ
1602 4808 1724 4860 τότε
1767 4808 1856 4860 ὅτε

288 4905 546 4976 ἡθέλησε·
583 4905 676 4958 καὶ
701 4902 887 4956 τοῦτον
927 4897 1068 4954 εἶναι
1105 4899 1359 4969 ἀόρατον,
1401 4899 1488 4951 ὅτε
1523 4897 1597 4969 μὴ
1628 4899 1820 4968 ὁρᾶται
1843 4941 1857 4965 ,

1967 4714 2127 4773 hunc,
2171 4717 2257 4784 qui
2309 4718 2487 4770 omnia
2539 4718 2751 4784 fecerit,
2796 4719 3065 4773 occultum
3117 4720 3278 4774 rebus
3331 4719 3530 4774 creatis

1971 4806 2239 4860 redditum
2275 4822 2415 4875 esse,
2447 4808 2666 4877 quando
2717 4809 2964 4876 voluerit,
3011 4812 3322 4881 apparuisse
3351 4818 3530 4866 autem

1970 4906 2104 4960 tum,
2123 4913 2242 4952 cum
2268 4901 2494 4954 voluerit
2517 4917 2533 4967 ;
2558 4915 2790 4971 emnque
2819 4916 2938 4958 esse
2955 4904 3302 4971 invisibilem,
3321 4904 3534 4975 quando

1586 5052 1822 5107 VARUE
1860 5051 2261 5110 LECTlONES.

364 5208 409 5240 θ’
434 5207 518 5262 Cf.
554 5221 714 5275 supra
758 5203 882 5266 406,
918 5202 1108 5275 52-61.

295 5350 332 5403 l.
359 5350 396 5403 I.
501 5347 549 5378 "
595 5345 783 5406 ὅντως.
829 5342 977 5406 ὄντος
1007 5342 1068 5405 C,
1103 5342 1172 5395 M.

293 5416 454 5474 ".Cl'.
485 5432 644 5484 supra
683 5431 734 5483 p.
779 5413 901 5478 406,
955 5413 1179 5477 76-408,
1212 5410 1300 5464 82.

295 5551 511 5612 uncinis
540 5551 854 5610 inclusimus
883 5551 1140 5607 suadente
1165 5551 1231 5605 Β.
1260 5553 1464 5604 St-ntto.

297 5687 439 5764 pit-IS,
470 5697 528 5748 ὲν
578 5693 641 5756 C,
666 5693 736 5748 M.
845 5694 891 5764 δέ
912 5694 1130 5764 καινάς.
1163 5693 1322 5764 κενᾶιᾼς
1349 5689 1411 5752 C,

297 5763 344 5798 δ’
371 5765 484 5819 καί.
532 5769 676 5818 κατὰ
705 5778 851 5832 snsi).
879 5763 948 5821 Μ.

298 5838 370 5890 2‘2
392 5849 512 5905 sqq.
538 5846 592 5889 et
617 5852 668 5904 p.
694 5832 822 5898 448,
842 5835 903 5888 41
939 5848 1058 5902 sqq.

1499 5828 1513 5844 ‘

1132 5832 1180 5862 ⁹⁶
1212 5829 1448 5892 ποικῖλος
1475 5829 1536 5884 C.

575 5221 715 5290 utpra
758 5203 882 5290 ευρ,
918 5202 1108 5290 8:2-6‘1;
1154 5201 1242 5290 “1°
1283 5199 1973 5290 'E6twv1i0t:lﬁﬁtggwxgi0t
1998 5200 2060 5290 (1'.

290 5281 340 5313 "
365 5269 636 5332 Μωῦσοῦξ
664 5276 869 5344 Μωῦσῇ
927 5276 986 5336 C,
1049 5271 1120 5326 M.
1153 5270 1236 5326 Cf.
1269 5285 1448 5338 supra,
1486 5286 1538 5336 p.
1571 5269 1699 5334 406,
1731 5269 1922 5323 62-75.
2015 5271 2081 5346 _"
2104 5273 2454 5342 εἰσηγήσατο,
2510 5276 2527 5326 ἑ

295 5350 332 5403 l.
359 5350 396 5403 I.
501 5347 549 5378 "
595 5345 783 5406 ὅντως.
829 5345 977 5406 ὄντος
1007 5342 1068 5405 C,
1103 5342 1172 5395 Μ.
1276 5341 1322 5371 ⁷⁸
1354 5341 1552 5393 κοινόν.
1604 5338 1820 5408 Littera:
1863 5355 1943 5392 οιν
2000 5357 2224 5408 prorsus
2269 5345 2527 5396 evanida},

1408 5410 1452 5441 ⁷⁸
1476 5408 1738 5489 thasiae);
1769 5407 2018 5489 S_:_ipgins,
2050 5411 2109 5489 te
2138 5411 2503 5489 _at’)_rt1'iv_C,

294 5487 524 5558 δύναμίν
555 5478 694 5537 τινα
708 5484 1012 5554 μεγίστηνῖ
1052 5485 1135 5536 Ci.
1176 5497 1336 5547 supra
1370 5494 1420 5547 p.
1463 5480 1590 5535 406.
1621 5478 1705 5532 78.
1785 5479 1827 5512 ⁸¹
1861 5478 1922 5537 οὗ
1954 5481 2074 5533 κατ’
2104 5482 2286 5534 εἰκόνα
2316 5483 2378 5538 Β.
2415 5483 2656 5545 Sruttus,
2686 5478 2761 5534 οδ
2785 5484 2904 5561 κατ’
2929 5482 3116 5564 εἰκόνα
3144 5483 3207 5543 C,
3240 5478 3310 5537 Μ.

295 5559 511 5606 uncinis
540 5558 854 5606 inclusimus
883 5555 1140 5606 suadente
1165 5551 1231 5605 Β.
1260 5553 1464 5604 διϊιιιο.
1563 5549 1606 5581 ⁸³
1637 5548 1721 5602 Cf.
1756 5566 1917 5606 supra
1950 5568 2002 5606 n.
2027 5551 2152 5606 456.
2186 5551 2378 5606 65-80.
2480 5553 2525 5582 ⁸³
2564 5555 2864 5606 Μοντανου.
2905 5555 3186 5606 Μοντανου
3222 5553 3307 5606 Μ;

295 5568 511 5612 unctnls
540 5568 854 5610 tnctnstmus
883 5568 1140 5607 suadente
1168 5568 1231 5605 ιτ.
1260 5568 1464 5604 δωιιο.
1563 5568 1606 5581 συ
1637 5568 1721 5602 ω.
1756 5568 1917 5618 supra
1950 5568 2002 5618 p.
2027 5568 2152 5613 4ου,
2186 5568 2378 5606 οο-δυ.
2480 5568 2525 5582 σο
2564 5568 2864 5607 Μοντανου.
2905 5568 3051 5606 tum»:

295 5643 458 5696 supra
484 5626 519 5680 Ι.
550 5627 583 5678 Ι.
659 5624 703 5655 ⁸⁵
735 5625 1028 5676 Manium.
1061 5619 1370 5676 Movtavév?
1461 5619 1506 5649 “
1534 5617 1604 5670 τὰ
1634 5619 1712 5672 δέ.
1753 5621 1823 5672 τά
1850 5625 1948 5676 te?
2039 5622 2081 5651 ⁸⁷
2113 5621 2414 5690 νομίζουσι.
2440 5620 2750 5691 νομὶζονται
2801 5638 2950 5690 susp.
2988 5622 3054 5675 Μ.

297 5700 415 5726 uin.-
472 5697 528 5726 lu.
578 5693 617 5726 Γ
667 5693 710 5726 ll
845 5694 888 5726 89
921 5694 1110 5726 νηηιιρ
1163 5693 1322 5726 ντυδμ·
1349 5689 1388 5726 l‘.
1455 5687 1500 5726 Μ
1617 5688 1662 5720 ’θ
1693 5691 2028 5726 θηηηῖἷιξεηηρ
2082 5691 2408 5726 minax/{nena-
2437 5694 2476 5726 Γ
2533 5693 2573 5726 ΑΙ
2705 5693 2748 5723 91
2784 5692 2852 5726 ΓΓ
2907 5708 3054 5726 canna-ci

1048 5694 1130 5755 ας.
1163 5693 1322 5751 κενὰς
1349 5691 1411 5752 C,
1454 5691 1524 5741 Μ.
1617 5691 1662 5720 ⁹⁰
1693 5691 2045 5760 παραδόξους.
2082 5691 2408 5760 παραδόσεις
2437 5694 2500 5752 C.
2529 5693 2598 5746 Μ.
2705 5693 2748 5723 ⁹¹
2784 5694 2836 5745 Cl

1046 5765 1094 5795 ⁸³
1121 5761 1415 5831 Μοντᾶνο-ν.
1452 5759 1771 5831 Mea-gavdia?
1878 5764 1924 5795 νδ
1960 5763 2052 5816 τὸν
2077 5760 2184 5814 τῶν
2213 5760 2502 5831 Sauppius,
2538 5763 2645 5814 τῶν
2671 5763 2731 5828 (Σ,
2767 5762 2836 5815 Μ.

2160 5203 2204 5237 ’ί
2234 5201 2422 5264 ὅντως.
2462 5203 2613 5273 ὄντος
2645 5202 2710 5268 C,
2746 5202 2816 5256 Μ.
2849 5203 2931 5257 Cf.
2997 5217 3155 5270 supra
3183 5218 3237 5273 p.
3270 5201 3402 5266 406,
3441 5202 3533 5258 53.

2034 5271 2081 5302 ⁷³
2104 5273 2454 5355 εἰσηγήσατο.
2510 5272 2816 5396 ὲξἨήσατο
2844 5273 2906 5335 C,
2945 5273 3017 5338 M,
3048 5271 3352 5396 εἰσήγαηὲεν,
3372 5286 3534 5340 supra

2041 5357 2224 5396 rorsns
2269 5347 2527 5396 evannlie.
2650 5385 2664 5396 .
2764 5345 2809 5374 ⁷⁵
2841 5342 3144 5396 ἄνθρωπον.
3185 5360 3250 5396 αν
3290 5342 3539 5396 ρωποιςῖ

2650 5385 2664 5398 .
2769 5358 2809 5374 "
2841 5358 2936 5396 ανυ
2979 5359 3144 5396 ωπον.
3185 5358 3532 5412 ανυρωποιςι

2650 5421 2651 5432 ‘
2679 5411 2894 5466 λέγουσι
3066 5411 3111 5442 ⁸ο
3137 5411 3364 5466 δύναμιν
3387 5428 3532 5466 τινα.

2480 5493 2656 5545 'uttus,
2686 5483 2746 5534 οὐ
2785 5484 2904 5535 κατ’
2929 5483 3116 5536 εἰκόνα
3144 5483 3207 5543 C,
3240 5483 3310 5537 Μ.
3399 5483 3447 5514 ⁸³
3477 5483 3537 5536 δὲ

2480 5553 2525 5582 ⁸³
2564 5552 2864 5607 Μοντανοῦ.
2905 5551 3186 5606 Μοντάνου
3222 5553 3307 5617 Μ;
3345 5552 3439 5606 sed
3462 5552 3535 5607 cf.

3160 5622 3204 5654 ⁸⁸
3234 5623 3330 5676 σὺν
3361 5621 3539 5690 Saup-

2705 5693 2748 5723 ⁹¹
2784 5692 2867 5746 Cl'.
2907 5708 3066 5756 supra
3105 5708 3155 5756 ιι.
3193 5694 3315 5749 456.
3347 5692 3535 5748 80-88.

2940 5708 3066 5756 npra
3105 5708 3155 5762 ιι.
3193 5708 3315 5749 eoo.
3347 5708 3535 5748 80-88.

2940 5763 2985 5794 ⁹⁸
3015 5763 3098 5816 Cl.
3121 5780 3278 5834 supra
3312 5781 3362 5832 p.
3409 5764 3537 5828 440,
3606 5799 3608 5804 -

2605 5414 2651 5444 ⁷³
2679 5411 2894 5480 λέγουσι
