4124 6528
574 400 704 465 3441

2061 396 2431 459 ORIGENIS

3709 404 3938 496 3442‘

573 541 683 583 non
713 526 983 595 videatur,
1034 528 1307 585 visibilem
1353 536 1562 594 autem,
1608 527 1827 598 quando
1874 528 2154 593 videatur;

2261 532 2459 603 ὁρατὸν
2493 532 2583 602 δὲι,
2610 533 2740 588 ὅταν
2772 535 2985 604 ὁρᾶται·
3017 535 3314 608 ἀγέννητον
3339 536 3417 601 δὲ,
3449 538 3581 592 ὅταν
3608 538 3684 610 μὴ
3722 556 3854 608 γεν-

577 634 688 675 non
719 621 962 692 genitum
994 632 1201 687 autem,
1230 621 1447 692 quando
1478 636 1587 676 non
1614 621 1888 690 gignatur,
1916 621 2157 690 genitum

577 722 782 779 autem,
817 715 1034 784 quando
1082 715 1337 785 gignatur
1376 729 1442 769 ex
1490 713 2157 784 Virgine;impassibilcm

576 816 632 861 et
667 807 1050 871 immortalem,
1103 808 1323 878 quando
1370 823 1478 862 non
1522 807 1760 877 patiatur
1802 814 1857 860 et
1898 821 2002 859 nun
2046 822 2160 859 Illo-

576 897 773 961 riatur,
800 897 892 953 ubi
918 908 1100 953 autem
1130 900 1414 968 passiones
1446 898 1730 961 subiverit,
1776 897 1884 966 pati
1915 907 1971 952 et
1999 898 2159 952 mori.

574 986 733 1043 llunc
762 985 979 1042 Patrem
1036 990 1209 1058 ipsum
1270 987 1466 1042 Filium
1511 988 1846 1042 arbitrantur
1892 1001 1990 1057 pro
2025 995 2160 1041 tem-

573 1079 796 1149 poribus
824 1080 1009 1135 νοουτί
1044 1083 1345 1136 secundum
1377 1078 1703 1134 accidentia.

642 1189 846 1246 Horum
880 1192 1111 1247 hazresiu
1146 1193 1541 1249 corroborabat
1572 1191 1867 1256 Callistus,
1902 1190 2054 1261 cujus
2084 1193 2160 1245 vi-

575 1293 687 1339 tam
737 1290 1085 1357 exposuimus
1143 1288 1453 1357 diligenter,
1505 1287 1595 1355 qui
1651 1298 1715 1339 et
1752 1286 1867 1355 ipse
1924 1287 2156 1340 haeresin

574 1380 823 1446 peperit;
853 1394 881 1431 a
917 1379 1120 1447 quibus
1155 1380 1304 1432 initia
1339 1377 1688 1448 530-531
1730 1389 1920 1432 nactus
1956 1389 2011 1432 et
2046 1380 2159 1449 ipse

575 1469 834 1534 profiteris
886 1486 1050 1521 unum
1095 1483 1213 1522 esse
1258 1466 1477 1521 Patrem
1532 1480 1587 1521 et
1643 1467 1831 1531 Deum,
1882 1467 2023 1520 hunc
2052 1468 2161 1535 opi-

580 1558 735 1612 ficem
777 1559 987 1625 mundi,
1026 1560 1169 1614 hunc
1206 1576 1337 1615 vero
1377 1574 1499 1613 esse
1542 1556 1739 1611 Filium
1793 1558 2015 1611 nomine
2040 1559 2159 1628 qui-

580 1652 702 1704 dem
737 1650 943 1704 dictum
973 1659 1028 1704 et
1074 1652 1430 1716 nominatum,
1471 1665 1529 1704 re
1570 1661 1752 1704 autem
1798 1647 2015 1721 [mnum]
2039 1665 2160 1704 esse

575 1739 908 1813 Spiritum];
964 1742 1203 1812 Spiritus
1229 1741 1400 1810 enim,
1429 1742 1629 1810 inquit,
1669 1740 1815 1796 Deus
1862 1759 1967 1795 nun
2019 1744 2160 1798 alius

574 1843 660 1886 est
695 1850 858 1903 quam
888 1833 1089 1903 Logus,
1120 1833 1203 1887 vel
1234 1833 1411 1902 Logus
1446 1850 1605 1903 quam
1636 1832 1798 1888 Deus.
1839 1835 1957 1890 Una
1998 1836 2159 1904 igitur

577 1930 692 1981 lucc
716 1941 949 1995 persona
977 1926 1198 1980 nomine
1229 1926 1446 1992 quidem
1503 1926 1697 1990 divisa,
1743 1942 1843 1980 nec
1903 1943 2031 1982 vero
2077 1944 2154 1982 re.

578 2016 734 2071 llunc
765 2018 947 2087 Iugum
991 2032 1154 2071 unum
1197 2032 1318 2071 esse
1358 2018 1522 2071 Deum
1551 2017 1849 2071 arbitratur
1893 2029 1947 2071 et
1980 2019 2159 2072 incar-

576 2118 764 2163 natum
792 2124 912 2162 esse
950 2110 1101 2162 dicit.
1127 2108 1194 2163 Et
1241 2124 1363 2163 eum
1394 2109 1648 2179 quidem,
1705 2111 1795 2178 qui
1859 2115 2155 2165 secundum

575 2213 797 2254 carnem
844 2201 992 2254 visus
1043 2213 1127 2255 est
1184 2212 1239 2254 et
1282 2201 1728 2271 comprehensus,
1780 2200 1976 2256 Filium
2032 2217 2156 2258 esse

578 2294 712 2358 vult,
740 2309 861 2348 eum
892 2305 1095 2361 autem,
1123 2295 1214 2365 qui
1262 2294 1551 2359 inhabitat,
1606 2293 1845 2363 Patrem,
1893 2305 2001 2349 tum
2035 2295 2155 2365 qui-

576 2386 701 2439 dem
755 2374 1023 2441 adNoeti
1069 2386 1372 2441 doctrinam
1434 2385 1705 2456 delapsus,
1743 2396 1852 2441 tum
1908 2401 2036 2442 vero
2090 2390 2157 2443 ad

578 2474 864 2542 Theodoti,
894 2475 1025 2531 nihil
1072 2475 1212 2530 lirmi
1265 2487 1474 2532 tenens.
1527 2476 1655 2531 Haec
1689 2475 1854 2547 igitur
1877 2475 2099 2532 CalliStu
2137 2516 2153 2533 .

644 2656 736 2710 28.
782 2653 1148 2724 Hermogenes
1175 2664 1355 2708 autem
1387 2654 1608 2723 quidam
1632 2663 1684 2706 et
1712 2654 1826 2722 ipse
1851 2668 1970 2709 cum
2000 2656 2159 2709 vellet

575 2752 780 2821 aliquid
823 2754 1039 2824 dicere,
1089 2752 1226 2804 dixit
1278 2749 1444 2803 Deum
1487 2764 1552 2803 ex
1603 2749 1828 2803 materia
1881 2762 2059 2802 coazva
2104 2758 2161 2803 et

512 2850 513 2853 “
573 2844 888 2913 subjaceute
920 2844 1168 2897 universa
1217 2840 1448 2905 fecisse;
1486 2839 1599 2896 fieri
1636 2842 1783 2895 enim
1827 2855 1936 2895 non
1965 2856 2152 2910 posse,

579 2938 722 2992 Deus
762 2951 827 2989 ex
856 2936 1074 2992 entibns
1109 2935 1273 2988 faciat
1297 2947 1358 2988 ea
1393 2948 1512 3002 quae
1538 2933 1683 2989 facta
1718 2942 1870 2989 sunt.

647 3029 740 3084 9.9.
782 3029 887 3082 Alii
914 3038 1095 3082 autem
1131 3028 1349 3096 qundam
1375 3026 1530 3096 quasi
1556 3041 1751 3080 novum
1786 3024 2003 3094 aliquod
2032 3026 2161 3081 sub-

582 3124 996 3178 iutroducentes
1027 3138 1091 3175 ex
1132 3120 1386 3175 omnibus
1436 3120 1743 3174 hacresibus
1789 3129 2157 3188 corrogatum,

2260 624 2455 689 νᾶται,
2509 625 2767 696 γεννητὸν
2805 626 2897 693 δὲ,
2945 626 3077 681 ὅταν
3111 630 3369 697 γεννᾶται
3419 631 3484 682 ὲκ
3533 629 3853 701 Παρθένου·

2259 713 2446 784 ἀπαθῆ
2478 716 2572 768 καὶ
2603 716 2893 782 ἀθάνατον,
2916 718 3008 771 ὅτε
3030 718 3075 751 ⁵⁷
3109 720 3186 790 μὴ
3216 720 3404 793 πάσχῃ
3437 722 3576 792 μήτε
3606 721 3815 793 θνήσκῃ
3834 763 3853 789 ,

2260 805 2398 858 ἐπὰν
2426 806 2484 859 δὲ
2512 808 2661 877 πάθη
2687 809 2960 881 προσέλθῃ
2979 850 2994 875 ,
3021 811 3252 881 πάσχειν
3278 813 3376 865 καὶ
3409 812 3687 884 θνήσκειν.
3716 813 3858 866 Τοῦ-

2260 898 2412 948 τον⁹³
2447 898 2540 951 τὸν
2576 900 2795 969 Πατέρα
2824 901 2986 954 αὐτὸν
3006 904 3052 936 ⁸⁸
3089 903 3217 956 Υίὺν
3242 904 3530 974 νομίζουσι
3556 907 3696 959 κατά
3726 924 3857 961 και-

2263 988 2391 1059 ροὺς
2414 990 2749 1062 καλούμενον
2783 993 2918 1065 πρὸς
2947 994 3015 1047 τά
3044 996 3431 1064 συμϐαίνοντα.

2332 1191 2551 1245 Τούτων
2588 1193 2690 1263 τὴν
2731 1193 2943 1263 αἵρεσιν
2970 1195 2984 1226 ³
3017 1196 3282 1267 ἐκράτυνε
3322 1195 3644 1259 Κάλλιστος,
3668 1188 3730 1249 οῦ
3761 1196 3855 1248 τὸν

2263 1284 2377 1355 βίον
2420 1284 2781 1356 ἐκτεθείμεθα
2830 1287 3091 1355 ἀσφαλῶς
3115 1288 3158 1349 ¹,
3200 1287 3257 1350 ὃς
3294 1288 3388 1340 καὶ¹
3432 1287 3595 1352 αὐτὸς
3641 1289 3857 1360 αἵρεσιν

2260 1376 2654 1447 ἀπεγέννησεψ
2705 1378 2764 1444 ἐξ
2814 1371 2887 1431 ὦν
2916 1377 2997 1450 [μ.
3044 1379 3173 1434 550.
3212 1378 3339 1450 551]
3390 1380 3645 1450 ἀφορμάς
3674 1380 3857 1435 λαϐὼν

2261 1469 2355 1521 καὶ
2388 1470 2549 1532 αὐτὸς
2588 1469 2866 1537 ὁμολογῶν
2896 1470 2991 1523 ἕνα
3024 1464 3166 1524 εἶναι
3196 1470 3285 1523 τὸν
3315 1472 3533 1542 Πατέρα
3564 1473 3690 1525 καὶ⁸
3720 1473 3856 1527 Θεὸν

2260 1560 2500 1614 τοῦτονδ
2547 1562 2880 1632 δημιουργὸν
2932 1561 3024 1614 τοῦ
3088 1562 3321 1626 παντὸς,
3374 1563 3563 1616 τοῦτον
3612 1564 3669 1616 δὲ
3715 1560 3856 1618 εἶναι

2262 1653 2390 1706 Υίὺν
2447 1653 2672 1722 ὀνόματι
2732 1653 2831 1722 μὲν
2894 1652 3184 1723 λεγόμενον
3269 1655 3365 1707 καὶ
3423 1655 3853 1725 ὀνομαζόμενον,

2261 1744 2419 1815 οὐσίᾳ
2453 1744 2508 1796 δὲ
2538 1742 2642 1816 [ἓν]
2676 1744 2697 1775 ⁸
2721 1739 2861 1797 εἶναι
2886 1742 3159 1815 [Πνεῦμα]
3184 1746 3227 1808 ⁸,
3253 1744 3480 1815 Πνεῦμα
3505 1747 3634 1816 γάρ,
3665 1748 3853 1816 φησὶν,

2260 1837 2288 1888 ὁ
2316 1836 2447 1900 Θεὸς
2490 1837 2586 1907 οὐχ
2621 1836 2806 1906 ἕτερόν
2834 1837 2949 1888 ἐστι
2989 1836 3143 1907 παρά
3177 1836 3268 1888 τὸν
3296 1837 3492 1904 Λόγον,
3537 1838 3569 1907 ἦ
3625 1840 3655 1891 ὁ
3679 1838 3854 1906 Λόγος

2262 1929 2413 1999 παρὰ
2455 1928 2547 1982 τὸν
2593 1926 2748 1982 Θεόν.
2802 1928 2897 1979 Ἓν
2947 1921 3041 1980 οῦν
3089 1925 3247 1979 τοῦτο
3279 1927 3589 1997 πρόσωπον,
3624 1929 3855 2000 ὀνόματι

2263 2020 2363 2092 μὲν
2399 2019 2775 2092 μεριζόμενον,
2830 2020 2988 2090 οὐσίᾳ
3030 2018 3087 2071 δὲ
3135 2018 3221 2071 οῦ.
3277 2019 3477 2072 Τοῦτον
3544 2020 3635 2072 τὸν
3676 2021 3855 2088 Λόγον

2259 2112 2357 2166 ἕνα
2390 2108 2531 2164 εἶναι
2558 2111 2691 2164 Θεὸν
2720 2108 2976 2180 ὀνομάζει
3000 2110 3095 2163 καὶ
3126 2110 3509 2182 σεσαρκῶσοαι
3540 2111 3710 2179 λέγει.
3736 2111 3855 2165 Ka‘t

2259 2204 2351 2256 τὸν
2399 2202 2498 2271 μὲν
2544 2199 2691 2255 κατά
2736 2199 2917 2267 σάρκα
2965 2198 3242 2270 ὁρώμενον
3288 2202 3383 2255 καὶ
3428 2200 3805 2273 κρατούμενον
3831 2205 3853 2235 ⁷

2260 2296 2388 2349 Υἱὸν
2429 2290 2568 2348 εἶναι
2598 2293 2741 2347 οέλει
2762 2293 2806 2355 ⁸,
2849 2291 2939 2343 τὸν
2982 2290 3041 2343 δὲ
3089 2292 3404 2347 ἐνοικοῦντα
3430 2275 3651 2364 Πατέρα
3673 2332 3690 2356 ,
3719 2294 3855 2347 ποτὲ

2262 2388 2360 2459 μὲν
2388 2387 2465 2457 τῷ
2499 2386 2709 2455 Νοητοῦ
2736 2387 2756 2416 ⁹
2786 2384 3021 2454 δόγματι
3056 2384 3573 2455 περιρρηγνύμενος
3619 2385 3685 2448 ¹⁰,
3719 2385 3855 2438 ποτὲ

2257 2477 2315 2531 δὲ
2380 2476 2459 2548 τῷ
2510 2475 2796 2538 Θεοδότου,
2870 2472 3038 2544 μηδὲν
3088 2474 3329 2544 ἀσφαλὲς
3376 2474 3618 2546 κρατῶν.
3668 2475 3857 2531 Ταῦτα

2257 2568 2438 2621 τοίνυν
2461 2566 2783 2628 Κάλλιστος.

2329 2666 2438 2730 κη’.
2491 2659 2827 2728 Ἑρμογένης
2864 2658 2923 2711 δέ
2964 2676 3050 2723 τις
3082 2659 3124 2690 ¹¹
3177 2657 3274 2711 καὶ
3321 2657 3485 2722 αὐτὸς
3528 2657 3767 2727 θελήσας
3801 2676 3855 2711 τι

2258 2753 2462 2821 λέγειν,
2506 2753 2611 2822 ἔφη
2639 2752 2730 2804 τὸν
2760 2750 2895 2803 Θεὸν
2927 2751 2984 2817 ἐξ
3012 2750 3145 2821 ὕλης
3180 2751 3482 2822 συγχρόνου
3509 2751 3604 2803 καὶ
3627 2752 3851 2805 ὐποκει·

2263 2846 2432 2915 μένης
2476 2844 2544 2897 τὰ
2574 2844 2753 2897 πάντα
2804 2843 3189 2914 πεποιηκέναι’
3243 2843 3524 2906 ἀδυνάτως
3564 2842 3676 2915 γάρ
3707 2843 3857 2913 ἔχειν

2258 2937 2349 2990 τὸν
2391 2935 2523 2989 Θεὸν
2557 2936 2633 3003 μὴ
2667 2935 2787 3005 οὐχ).
2811 2936 2872 3001 ἐξ
2901 2935 3072 2989 ὄντων
3098 2936 3169 2989 τὰ
3201 2936 3472 3006 γενόμενα
3501 2937 3702 2991 ποιεῖν.

2333 3025 2437 3080 κΘ’.
2484 3027 2702 3097 ’Έτεροι
2733 3027 2790 3079 δέ
2824 3042 2969 3089 τινες
3002 3028 3046 3056 ¹²
3072 3025 3148 3090 ὡς
3177 3026 3362 3080 καινόν
3396 3044 3448 3079 τι
3480 3026 3857 3097 παρεισάγον-

2260 3137 2351 3184 τες
2381 3122 2446 3173 ἐκ
2485 3120 2672 3174 πασῶν
2721 3121 2989 3190 αἱρέσεων
3019 3120 3440 3191 ἐρανισάμενοι,
3472 3119 3630 3190 ξένην
3671 3120 3858 3189 βίϐλον

581 3215 819 3270 mirabili
853 3214 993 3269 libro
1025 3212 1275 3267 confecto
1311 3227 1376 3264 ex
1401 3207 1650 3266 Elchasai
1705 3211 1938 3281 quodam
1986 3212 2159 3265 nomi-

2266 3212 2633 3276 σκευάσαντες
2675 3212 2941 3284 Ἠλχασαϊ
2971 3229 3117 3275 τινος
3164 3210 3671 3282 ἐπονομαζομένην,
3706 3207 3857 3266 οὗτοι

582 3316 729 3374 nato,
760 3306 812 3359 hi
845 3307 1107 3373 principia
1142 3304 1383 3357 universi
1446 3302 1807 3357 consimiliter
1841 3303 2162 3372 profitentur

472 3398 485 3409 ’
579 3416 610 3453 a
638 3400 747 3455 Deo
777 3398 1075 3460 exstitisse,
1112 3396 1393 3450 Christum
1443 3409 1574 3449 vero
1628 3410 1794 3449 unum
1829 3411 1932 3450 non
1992 3396 2161 3465 profi-

584 3501 784 3559 tentur,
816 3491 910 3545 sed
934 3504 1053 3544 esse
1077 3489 1412 3557 superiorem
1449 3487 1668 3557 quidem
1700 3503 1886 3552 unum,
1912 3489 2159 3542 eumdem

580 3601 712 3643 vero
739 3582 1044 3641 transfundi
1086 3585 1135 3637 in
1176 3595 1406 3649 corpora
1442 3580 1612 3634 umlta
1672 3594 2067 3649 saepenumero,
2109 3589 2165 3635 et

580 3695 725 3736 nunc
755 3695 881 3736 vero
913 3680 965 3733 in
992 3676 1156 3743 Jesu;
1201 3675 1555 3732 consimiliter
1578 3686 1690 3728 tum
1717 3674 1933 3743 quidem
1960 3690 2024 3727 ex
2050 3673 2162 3730 Deo

580 3787 704 3827 eum
733 3778 918 3826 natum
938 3784 1080 3836 esse,
1108 3778 1217 3823 tum
1243 3778 1421 3823 autem
1446 3768 1698 3837 spiritum
1721 3768 2018 3834 exstitisse,
2049 3777 2160 3821 tum

583 3876 766 3921 autem
798 3881 865 3920 ex
905 3861 1154 3934 Virgine,
1201 3870 1315 3917 tum
1363 3872 1545 3916 autem
1583 3876 1727 3928 non;
1768 3870 1824 3915 et
1853 3861 1997 3915 hunc
2032 3873 2164 3937 vero

584 3969 767 4031 postea
797 3972 1013 4027 semper
1042 3958 1096 4011 iu
1135 3971 1366 4025 corpora
1426 3953 1733 4010 transfundi
1776 3962 1831 4008 et
1880 3954 1933 4007 in
1979 3953 2165 4008 multis

584 4064 683 4120 per
706 4058 949 4117 tempora
980 4062 1267 4117 apparere.
1300 4046 1542 4103 Utuntur
1573 4054 1753 4100 autem
1778 4044 2166 4099 incantationi-

584 4144 688 4196 bus
723 4153 777 4197 et
819 4141 1127 4211 baptismis,
1157 4141 1210 4195 in
1259 4140 1461 4209 quibus
1509 4137 1780 4193 elementa
1820 4138 2162 4208 proﬁtentur.

584 4232 923 4301 Superbiunt
951 4243 1129 4287 autem
1173 4232 1465 4302 astrologia
1492 4241 1546 4285 et
1581 4230 1810 4284 mathesi
1847 4241 1901 4284 et
1943 4229 2165 4300 magicis

584 4326 817 4381 artibus.
844 4324 1033 4380 Futuri
1069 4334 1249 4380 autem
1280 4326 1536 4396 praescios
1558 4339 1681 4379 sese
1705 4325 1913 4379 dicunt.

657 4436 749 4493 50.
781 4478 796 4493 .
833 4477 847 4491 .
885 4475 899 4491 .
937 4476 953 4492 .
990 4476 1006 4492 .
1042 4476 1057 4492 .
1098 4476 1114 4492 .
1155 4476 1170 4491 .
1213 4479 1227 4493 .
1261 4436 1561 4511 [Abraham
1588 4437 1750 4510 juSsi]
1806 4438 1901 4492 Dei
1934 4437 2164 4493 commi-

2261 3310 2360 3372 τὰς
2399 3306 2497 3377 μὲν
2529 3305 2702 3378 ἀρχάς
2735 3305 2831 3359 τοῦ
2880 3305 3082 3369 παντὸς
3120 3304 3323 3375 ὁμοίως
3356 3303 3712 3375 ὁμολογοῦσιν
3747 3304 3859 3356 ὑπὸ

2263 3400 2357 3453 τοῦ
2387 3400 2522 3455 Θεοῦ
2549 3399 2856 3469 γεγονέναι,
2883 3398 3119 3469 Χριστὸν
3140 3398 3196 3449 δὲ
3220 3398 3317 3454 ἕνα
3341 3398 3442 3467 οὐχ
3467 3395 3853 3467 ὁμολογοῦσιν,

2236 3486 2239 3491 ’
2263 3493 2377 3547 ἀλλ’
2409 3489 2549 3546 εἶναι
2572 3493 2663 3546 τὸν
2689 3493 2788 3563 μὲν
2817 3492 2928 3546 ἄνω
2957 3492 3054 3545 ἕνα
3078 3534 3091 3557 ,
3116 3491 3280 3545 αὑτὸν
3302 3490 3358 3544 δὲ
3385 3490 3856 3560 μεταγγιζόμενον

2265 3587 2323 3639 ὲν
2353 3584 2570 3655 σώμασι
2608 3586 2825 3647 πολλοῖς
2854 3585 2897 3616 ⁸³
2950 3584 3218 3647 πολλάκις
3242 3622 3257 3646 ,
3313 3584 3409 3637 καὶ
3455 3583 3550 3636 νῦν
3584 3584 3641 3636 δὲ
3679 3584 3736 3635 ὲν
3774 3581 3857 3652 τῷ

2277 3676 2487 3746 Ἰησοῦ,
2516 3675 2717 3744 ὁμοίως
2750 3673 2926 3745 [πιοτὲ
2960 3675 3057 3744 μὲν
3089 3677 3155 3728 ὲκ
3198 3672 3294 3726 τοῦ
3324 3671 3460 3726 Θεοῦ
3494 3672 3855 3743 γεγενῆσθαι,

2265 3769 2398 3822 ποτὲ
2423 3768 2480 3821 δὲ
2521 3785 2744 3838 πνευμα
2792 3766 3075 3835 γεγονέναι
3100 3806 3115 3831 ,
3157 3766 3292 3818 ποτὲ
3321 3765 3377 3818 δὲ
3421 3766 3488 3817 ὲκ
3534 3765 3853 3835 Παρθένου,

2265 3860 2397 3914 ποτὲ
2426 3860 2485 3912 δὲ
2517 3858 2577 3912 οῦ
2600 3876 2613 3890 ο
2645 3860 2741 3911 καὶ
2778 3857 2966 3911 τοῦτον
2993 3857 3051 3909 δὲ
3084 3855 3377 3927 μετέπειτα
3424 3856 3511 3914 ἀεὶ
3541 3857 3600 3909 ὲν
3633 3854 3856 3924 σώμασι

2269 3949 2700 4023 μεταγγίζεσοαι
2732 3949 2829 4003 καὶ
2869 3950 2928 4000 ὲν
2972 3948 3187 4012 πολλοῖς
3215 3946 3357 4001 κατά
3388 3949 3613 4016 καιροὺς
3641 3946 3860 4000 δείκνυ-

2268 4043 2411 4097 σθαι.
2447 4044 2701 4116 Χρῶνται
2734 4042 2793 4094 δὲ
2841 4040 3173 4113 ὲπα[οι]δαίς
3205 4040 3300 4092 καὶ
3346 4038 3725 4109 βαπτίσμασιν
3756 4038 3859 4092 ἐπὶ

2265 4138 2332 4207 τῇ
2372 4135 2494 4201 τῶν
2553 4134 2837 4204 στοιχείων
2891 4132 3170 4204 ὁμολογίᾳ.
3227 4131 3555 4203 Σεσόὸηνται
3605 4131 3664 4184 δὲ
3722 4131 3859 4201 περὶ

2267 4227 2627 4296 ἀστρολογίαν
2658 4225 2701 4258 ¹⁵
2752 4226 2848 4279 καὶ
2902 4223 3318 4295 μαθηματικὴν,
3354 4223 3451 4277 καὶ
3491 4225 3749 4293 μαγικοῖς
3785 4222 3855 4275 ⁸⁸.

2270 4319 2721 4390 Προγνωστικοὺς
2750 4317 2808 4370 δὲ
2834 4317 3063 4379 ἑαυτοὺς
3092 4314 3366 4384 λέγουσιν.

2338 4433 2404 4487 λ’.
2446 4474 2459 4488 .
2505 4472 2521 4489 .
2565 4474 2580 4488 .
2628 4473 2642 4487 .
2676 4472 2688 4487 .
2725 4473 2739 4487 .
2785 4473 2799 4487 .
2837 4473 2850 4486 .
2900 4433 2943 4464 ⁸⁸
2974 4431 3069 4485 τοῦ
3115 4430 3252 4484 Θεοῦ
3279 4431 3321 4462 ¹⁷
3363 4430 3608 4500 μετοικεῖ
3642 4427 3685 4461 ⁸⁸
3714 4428 3780 4481 ἐκ
3810 4429 3858 4462 ⁸⁸

586 4542 705 4605 grat
736 4547 801 4588 ex
828 4530 1235 4602 Mesopotamia:
1266 4531 1400 4585 urbe
1427 4530 1605 4583 llaran
1642 4531 1695 4582 in
1729 4530 1999 4599 regionem
2027 4542 2159 4582 nunc

2271 4525 2697 4596 Μεσοποταμίας
2725 4524 2931 4588 πόλεως
2960 4523 3188 4595 Χαρρὰν
3222 4522 3302 4586 είς
3332 4520 3431 4592 τὴν
3470 4521 3565 4575 νῦν
3603 4520 3702 4591 μὲν
3734 4517 3858 4571 [Ian

586 4627 805 4701 quidem
840 4625 1185 4681 Palaestinam
1218 4621 1571 4695 532-533
1620 4631 1673 4677 et
1701 4619 1941 4711 Judaaam
1976 4620 2164 4691 appel-

2272 4617 2557 4689 λαιστίνην
2586 4617 2679 4670 καὶ
2709 4616 2785 4689 [ιι.
2816 4617 2942 4672 551.
2983 4613 3110 4687 552]
3140 4614 3408 4669 Ἰουδαίαν
3445 4627 3860 4683 προσαγορευο-

1860 4794 2095 4854 VARUE
2136 4794 2541 4853 LECTIONES.

662 4969 849 5042 θτγότε.
880 4968 1046 5042 am?
1076 4969 1363 5042 Sauppius.
1444 4970 1491 5042 9³
1524 4969 1799 5042 θνήσκειν.
1828 4968 2029 5021 Τοῦτον
2051 4966 2168 5042 τζινΔ
2180 4966 2391 5038 πατέρα
2410 4964 3099 5042 ἀῦτόνηθλιήσκειν-τοῦτον
3119 4963 3466 5042 τὸν-πατέρα·
3499 4963 3658 5042 αὐτὸν
3689 4960 3751 5042 (Ξ,
3778 4958 3855 5013 Μ.

588 5042 634 5075 ⁹⁹
667 5041 851 5095 αὐτόν.
887 5040 1047 5094 αὑτὸν
1082 5035 1546 5110 util-Sauppius.
1610 5035 1639 5071 ’⁸
1684 5040 1768 5095 Cf.
1800 5055 1959 5105 supra
1990 5054 2043 5107 p.
2069 5035 2175 5089 450
2206 5035 2329 5105 sqq.

2409 5038 2428 5067 '
2459 5033 2740 5102 ἀσφαλῶς.
2776 5037 2964 5104 σαφῶς
3004 5052 3150 5105 susp.
3187 5034 3257 5089 Μ.
3335 5036 3357 5065 ⁸
3381 5033 3505 5090 Hoc
3529 5037 3645 5089 loco
3671 5033 3857 5105 aliqua

590 5112 860 5167 excidisse
877 5126 939 5164 ex
964 5114 1320 5181 sequentibus
1347 5100 1444 5166 lin.
1470 5110 1635 5181 4—7,
1663 5111 1821 5181 sicuti
1854 5100 1919 5163 ex
1954 5100 2053 5181 iis,
2081 5100 2388 5181 qt_133_si_tbr:t
2423 5124 2474 5181 p.
2506 5100 2648 5181 438,
2672 5106 2742 5181 δέ)
2779 5100 2898 5175 sqq.
2918 5100 3201 5181 leguntur,
3231 5115 3473 5181 apparet,
3499 5122 3619 5181 eum
3649 5102 3741 5181 τοῦ

592 5201 691 5253 γου
716 5182 919 5253 mentio
929 5170 1445 5253 hicfdesideretur.
1501 5181 1524 5213 δ
1553 5170 1674 5233 θεον
1707 5179 1917 5253 τοῦτον.
1951 5170 2074 5231 θεὸν
2094 5170 2226 5229 “rev?
2254 5170 2550 5253 §atrppius.
2628 5178 2649 5208 ⁸
2667 5175 2739 5253 ἓν
2756 5170 2879 5253 illi-ti;
2916 5170 3008 5253 fil;
3031 5228 3037 5235 ,
3064 5177 3084 5205 ⁸
3112 5170 3513 5253 είναιᾷπνεῦμαλ
3534 5170 3670 5253 εἶναι
3689 5171 3752 5253 CJ

590 5240 752 5322 supra
786 5269 837 5319 p.
870 5251 1120 5323 458,5“.
1196 5253 1214 5282 '
1244 5252 1640 5323 κρατούμενον.
1672 5250 2038 5323 σταυρόμενον
2065 5263 2222 5323 susp.
2254 5247 2322 5302 Β.
2349 5240 2586 5323 Ξέοιιιιε.
2608 5317 2640 5323 _
2666 5246 2895 5323 ι’.(ξέλειη
2912 5247 3090 5323 βέλειν
3120 5247 3180 5298 (ἰ.
3257 5244 3278 5273 ⁹
3308 5240 3536 5323 Nona-'26:
3566 5240 3759 5323 Νοητῷ
3788 5240 3858 5295 C.

592 5325 638 5355 io
663 5321 1207 5394 περιρρηγνύμενος.
1255 5321 1563 5394 περιρητοιέ

594 5395 640 5427 ¹⁸
673 5392 763 5448 Cf.
791 5392 953 5460 supra
996 5392 1049 5461 p7.
1079 5394 1205 5455 462,
1245 5394 1312 5446 47
1349 5392 1469 5462 sqq.

1642 5337 1770 5383 νος,
1812 5316 2021 5374 {limbus
2064 5318 2257 5372 litteris
2293 5320 2558 5381 evanidis,
2601 5317 2662 5372 C.
2703 5316 2774 5370 M.

1549 5382 1592 5423 ’⁵
1634 5382 1793 5444 Vocis
1829 5389 2045 5442 πολλοῖς
2074 5389 2299 5457 vestigia
2330 5401 2584 5454 exstant,
2635 5390 2727 5441 sed
2767 5404 2872 5440 non
2909 5382 3335 5457 prorsuscerta.
3369 5383 3459 5457 M._
3519 5382 3863 5457 {ﬁanpolo-

2884 5319 2923 5348 “
2971 5316 3054 5370 Cf.
3104 5330 3264 5383 supra
3310 5329 3362 5381 p.
3412 5313 3546 5374 ⁷452,
3604 5313 3674 5367 918
3729 5328 3857 5383 sqq.

595 5466 743 5531 τίαν.
785 5452 1011 5516 Lit-tem"
1036 5465 1176 5533 ἀστρ
1195 5452 1357 5533 plane
1383 5452 1643 5516 evanidae.
1670 5458 1743 5512 Μ.
1819 5461 1865 5533 _”
1900 5459 2027 5513 Post
2054 5452 2308 5533 μαγιδῖοῖς
2330 5452 2600 5533 excidisse
2630 5452 2924 5533 ἐπτόηνται
2956 5472 3105 5533 susp.
3132 5453 3181 5507 M
3208 5473 3221 5508 :
3260 5455 3502 5533 μαγικήν
3522 5452 3545 5506 ?
3567 5452 3858 5533 sauppius.

595 5535 640 5567 ³⁸
680 5534 807 5587 Post
843 5534 935 5585 lin.
981 5533 1072 5595 £8,

601 5605 849 5671 turbatus
876 5617 983 5665 est,
1011 5594 1142 5659 cuni
1165 5604 1257 5657 fol.
1287 5603 1423 5671 157;
1459 5605 1545 5656 hic
1578 5603 1920 5656 inserendum
1950 5600 2040 5671 sit,
2072 5594 2213 5671 quod
2243 5600 2403 5671 infra,
2429 5600 2636 5671 p.555,
2670 5597 2757 5657 55,
2791 5597 2879 5649 fol.
2910 5594 3296 5671 135,_ese_ipit.

1107 5524 1214 5602 qini
1248 5530 1342 5585 fol.
1379 5534 1482 5586 152
1516 5536 1636 5586 (ἱΟιΙ.
1676 5524 2253 5602 ιετιιιὶηυιιιτ,ὐ1ἰᾳυδ
2311 5531 2447 5602 folia
2504 5524 2894 5602 iuuet‘t‘irlrrntit
2917 5528 3190 5602 Δρῐέιιυίιιιεξ.
3237 5524 3861 5602 ξειίᾳηυξψιεῇίοιὶυι-υιιι

3377 5595 3417 5625 ³⁷
3436 5593 3519 5647 Cf.
3547 5592 3859 5647 Chronimn

596 5670 882 5743 Hippolyto
924 5662 1204 5741 tributum,
1246 5676 1386 5744 quod
1410 5662 1569 5744 'typis
1595 5672 1984 5744 descrihil'eeit
2011 5662 2101 5724 .ιοί
2285 5662 2586 5744 Fabricius,
2628 5670 2679 5744 iu
2712 5670 2851 5744 t_:(lll._
2873 5682 2997 5735 opp.
3028 5665 3085 5719 S.
3125 5662 3598 5744 llippolyti._'l_‘om.
3634 5664 3671 5729 I,
3702 5680 3755 5731 p.
3789 5662 3862 5714 49

596 5760 719 5812 sqq.
747 5752 881 5797 sect.
907 5744 960 5809 9,
993 5761 1044 5813 p.
1069 5746 1155 5800 55.

1237 5736 1277 5775 ³⁸
1311 5743 1385 5798 De
1414 5736 1722 5798 A'liralmmo
1756 5742 1846 5794 Dei
1868 5744 2019 5810 jussu
2047 5755 2113 5794 ex
2146 5739 2523 5810 Mesopotamia
2558 5740 2609 5810 in
2647 5737 2982 5810 Ρυιςυςιῑριρηι
3017 5745 3407 5810 comnngrante
3430 5736 3513 5789 hic
3547 5750 3861 5789 sermonem

593 5804 1007 5884 fiérisequeufiﬁ
1042 5826 1224 5886 aperte
1259 5817 1648 5871 demonstrant.
1731 5814 1771 5844 ιν
1812 5804 1991 5875 exist;
2027 5811 2089 5878 C,
2132 5809 2203 5876 Μ,
2243 5804 2334 5879 qui
2372 5825 2469 5879 pro
2500 5809 2705 5870 πόλεως
2742 5809 2833 5861 lin.
2865 5806 2952 5873 50,
2990 5821 3142 5876 susp.
3185 5804 3359 5859 πόλιν.
