4124 6506
334 468 472 535 3451

1479 472 1775 533 CONTRA
1815 474 2182 536 H/ERESES
2219 475 2362 535 LIB.
2402 475 2475 539 Χ.
2578 522 2589 528 -

3473 457 3633 536 3452‘

333 575 480 634 οὗτοι
514 579 795 652 προφῆται
814 579 1114 653 κέκληνται
1141 581 1203 635 τὸ
1224 580 1313 636 διά
1337 583 1665 654 προφαίνειν
1691 585 1760 639 τὰ
1796 584 1919 655 μέλ-

2035 599 2097 642 tae
2134 589 2306 641 vocati
2341 599 2486 652 sunt,
2531 586 2656 657 quia
2699 592 3125 658 pracmonstrant
3173 584 3371 640 futura.
3412 570 3616 651 Quibus

339 688 519 730 Αοντα.
549 672 627 744 [p.
658 673 783 728 557.
816 672 969 745 558.]
1000 671 1096 739 Οίς
1119 675 1220 747 οὐχ
1250 674 1370 740 ἐνὸς
1396 677 1589 747 καιροῦ
1618 678 1775 746 λόγος
1799 678 1926 746 ἐγέ-

343 782 478 829 νετο,
508 765 646 819 ἀλλὰ
673 765 762 819 διὰ
794 766 985 820 πασῶν
1016 766 1218 836 γενεῶν
1269 770 1327 821 αί
1362 768 1474 821 τῶν
1506 770 1925 840 προλεγομένων

341 858 517 924 φωναὶ
562 857 943 911 εὐαπόδεικτοι
996 859 1361 931 παρίσταντο’
1418 860 1519 914 οὐκ
1570 862 1688 915 ἐκεῖ
1740 862 1923 932 μόνον,

342 948 500 1017 ἡνίκα
538 952 649 1013 τοῖς
684 949 953 1022 παροῦσιν
981 952 1372 1023 ἀπεκρίναντο,
1405 952 1542 1006 ἀλλὰ
1573 952 1670 1005 καὶ
1694 952 1781 1006 διὰ
1814 970 1923 1007 πα-

340 1037 450 1090 σῶν
475 1038 679 1106 γενεῶν
706 1039 776 1092 τὰ
807 1040 1043 1111 ἐσόμενα
1082 1043 1489 1113 προεφήναντοο
1527 1042 1616 1096 ὁτὲ
1644 1044 1663 1073 ⁸
1696 1042 1796 1113 μὲν
1818 1041 1925 1095 τά³

338 1131 715 1201 παρῳχημένα
760 1132 1013 1200 λέγοντες
1057 1134 1482 1206 ὑπεμίμνησκον
1507 1135 1608 1206 τὴν
1640 1135 1923 1206 ἀνθρωπό-

338 1237 507 1292 τητα⁶
534 1223 604 1276 τὰ
630 1223 688 1277 δέ
711 1224 985 1277 ἐνεστῶτα
1006 1224 1333 1289 δεικνύντες,
1368 1224 1443 1297 μὴ
1475 1226 1741 1298 ῥᾳθυμεῖν
1771 1226 1924 1281 ἐπει-

338 1312 432 1367 θον
452 1331 464 1343 ·
493 1315 564 1368 τὰ
587 1314 643 1369 δὲ
669 1315 931 1385 μέλλοντα
955 1316 1336 1386 προλέγοντες,
1360 1318 1451 1371 τὸν
1479 1316 1620 1371 κατά
1639 1317 1736 1371 ἕνα
1763 1318 1797 1389 ἡ
1805 1318 1923 1389 μῶν

336 1404 589 1475 ὁρῶντας
640 1407 747 1478 πρὸ
799 1406 997 1461 πολλοῦ
1052 1408 1426 1480 προειρημένα
1476 1408 1752 1479 ἐμφόδους
1791 1410 1924 1463 καθ-

340 1495 506 1551 ίστων
523 1498 565 1561 ⁸,
598 1499 1017 1569 προσδοκῶντας
1051 1500 1145 1554 καὶ
1178 1501 1248 1554 τὰ
1302 1501 1587 1571 μέλλοντα.
1624 1501 1865 1573 Τοιαύτη
1888 1504 1921 1572 η

334 1589 463 1644 καθ’
496 1591 645 1661 ἡμᾶς
695 1591 903 1659 πίστις,
953 1586 999 1646 ὦ
1034 1593 1235 1655 πάντες
1284 1593 1583 1667 ἄνθρωποι,
1632 1594 1694 1647 οὐ
1746 1596 1922 1658 κενοῖς

340 1687 550 1763 ῥήμασι
580 1686 941 1756 πειθομένων,
965 1687 1086 1741 οὐδὲ
1126 1686 1488 1758 σχεδιάσμασι
1530 1687 1756 1754 καρδίας
1798 1704 1923 1740 συν-

343 1778 772 1852 αρπαζομένων,
799 1779 918 1832 οὐδὲ
941 1778 1263 1849 πιθανότητι
1292 1780 1548 1843 εὐεπείας
1568 1779 1744 1848 λόγων
1800 1778 1921 1832 θελ-

336 1870 619 1941 γομένων,
662 1870 801 1925 ἀλλά
845 1871 1076 1942 δυνάμει
1119 1870 1241 1942 θεία
1287 1870 1469 1941 λόγοις
1524 1870 1918 1941 λελαλημένοις

2030 692 2133 730 non
2183 675 2344 747 552
2367 707 2390 718 -
2412 675 2571 749 543
2604 692 2707 731 una
2735 686 2897 731 rotate
2929 690 3111 733 sermo
3144 674 3317 731 factus
3348 685 3468 741 est,
3522 676 3616 729 sed

2029 785 2126 840 per
2159 785 2350 824 omnes
2385 770 2765 841 generationes
2793 779 2921 823 ante
2970 768 3241 824 dictorum
3285 782 3447 821 voces
3490 784 3619 821 con-

2028 862 2229 930 spicua:
2259 862 2490 915 aderant
2520 878 2532 914 :
2566 876 2672 914 non
2709 873 2820 914 tum
2875 859 3048 913 solum
3077 900 3092 924 ,
3128 860 3345 929 quando
3382 874 3620 927 praesen-

2029 951 2174 1006 tibus
2218 951 2657 1020 respondebant,
2693 951 2788 1008 sed
2834 952 2998 1005 etiam
3043 965 3140 1020 per
3172 966 3361 1005 omnes
3388 966 3619 1019 genera-

2031 1045 2208 1098 tiones
2232 1044 2410 1097 futura
2444 1055 2855 1113 pmmonstrata
2898 1052 3021 1098 sunt
3051 1059 3065 1095 :
3099 1052 3208 1096 tum
3234 1043 3448 1111 quidem
3475 1055 3617 1104 pra:-

2032 1136 2187 1190 terita
2214 1137 2454 1192 dicentes
2483 1138 2534 1192 in
2570 1137 2893 1191 memoriam
2928 1151 3117 1192 eorum
3165 1136 3497 1190 reducebant
3528 1150 3620 1204 ge-

2028 1244 2131 1283 nus
2163 1232 2504 1284 humanum:
2557 1230 2847 1299 praesentia
2898 1238 3077 1283 autem
3129 1236 3500 1283 monstrantes
3550 1240 3619 1281 ne

2028 1320 2286 1374 incuriosi
2318 1330 2501 1375 essent
2527 1320 2850 1387 suadebant,
2889 1320 3068 1375 futura
3104 1328 3286 1374 autem
3315 1318 3618 1387 praedicen-

2029 1420 2109 1465 tes
2136 1411 2376 1481 singulos
2409 1422 2653 1467 nostrum
2691 1412 2864 1467 oculis
2892 1422 3178 1467 cernentes
3211 1425 3296 1475 ea,
3328 1426 3448 1480 qua:
3477 1410 3614 1464 mul-

2030 1511 2083 1555 to
2126 1510 2369 1572 tempore
2405 1512 2531 1558 ante
2561 1503 2819 1571 praedicta
2853 1511 3018 1569 sunt,
3066 1502 3390 1571 perterritos
3430 1502 3619 1556 redde-

2028 1596 2182 1659 bant,
2221 1604 2603 1664 exspectantes
2624 1604 2677 1649 et
2697 1594 2897 1650 futura.
2942 1594 3090 1649 Talis
3122 1604 3305 1650 nostra
3338 1604 3420 1650 est
3461 1595 3615 1660 fides,

2026 1700 2058 1735 o
2091 1684 2339 1739 homines
2379 1672 2658 1751 universi,
2718 1686 2809 1755 qui
2854 1700 2959 1741 non
3015 1685 3169 1740 vanis
3223 1685 3405 1740 verbis
3456 1685 3617 1740 fidem

2028 1778 2313 1841 habemus,
2334 1792 2509 1847 neque
2527 1778 2807 1833 subitariis
2827 1778 3007 1833 cordis
3035 1778 3271 1835 molibus
3298 1779 3616 1848 abripimur,

2029 1884 2205 1939 ncque
2262 1870 2541 1924 blanditiis
2595 1870 2861 1925 facundiae
2917 1887 3233 1925 sermonum
3293 1872 3616 1941 mulcentur,
3718 1917 3723 1921 ,
3804 1890 3813 1897 ν

336 1965 442 2018 οὐκ
492 1964 887 2020 ἀπειθούντων.
925 1964 1035 2018 Καὶ
1078 1963 1253 2017 ταῦτα
1289 1963 1425 2027 Θεὸς
1472 1962 1693 2017 ἐκέλευε
1737 1962 1918 2030 Λόγῳ.

2024 1967 2118 2015 sed
2150 1961 2199 2016 vi
2240 1961 2417 2016 divina
2454 1961 2633 2016 verbis
2669 1962 2829 2016 dictis
2887 1961 3045 2016 fidem
3095 1978 3201 2017 non
3262 1965 3615 2032 denegamus.

347 2057 406 2109 Ὀ
436 2056 492 2109 δὲ
516 2057 688 2125 Λόγος
728 2055 1026 2126 ἐφθέγγετο
1058 2055 1251 2123 Λέγων,
1295 2054 1362 2108 δι’
1395 2053 1576 2107 αὐτῶν
1601 2053 1621 2085 ⁸
1658 2052 1918 2124 ἐπιστρέ-

336 2164 455 2216 φων
511 2147 602 2200 τὸν
652 2146 940 2216 ἄνθρωπον
986 2147 1050 2199 ἐκ
1101 2146 1409 2217 παρακοῆς,
1450 2144 1512 2196 οὐ
1544 2144 1635 2214 βία
1672 2144 1921 2212 ἀνάγκης

337 2238 730 2307 δουλαγωγῶν,
760 2239 875 2291 ἀλλ’
906 2238 993 2290 ἐπ’
1022 2236 1341 2308 ἐλευθερίαν
1371 2236 1606 2307 ἑκουσίῳ
1654 2236 1918 2307 προαιρέ-

336 2332 457 2382 σει·
492 2328 705 2385 καλῶν.
732 2328 935 2382 Τοῦτον
961 2329 1051 2382 τὸν
1076 2329 1249 2397 Λόγον
1280 2330 1337 2381 ἐν
1370 2327 1620 2397 ὑστέροις
1656 2325 1921 2380 ἀπέστελο

335 2422 427 2475 λεν
455 2423 485 2474 ὁ
535 2421 745 2492 Πατὴρ,
782 2421 967 2475 οὐκέτι
1016 2420 1103 2473 διὰ
1130 2420 1411 2491 προφήτου
1464 2419 1666 2485 λαλεῖν,
1695 2419 1756 2471 ού
1788 2435 1918 2471 σκο-

333 2513 526 2577 τεινῶς
556 2514 966 2584 κηρυσσόμενον
1024 2512 1372 2566 ὑπονοεῖσθαι
1408 2511 1598 2575 θέλων,
1637 2510 1758 2564 ἀλλ’
1791 2511 1922 2565 αύτ-

332 2608 458 2676 οψεὶ
494 2606 871 2677 φανερωθῆναι
902 2606 1093 2659 τοῦτον
1130 2605 1327 2673 λέγων,
1360 2606 1446 2657 ῖνα
1469 2606 1488 2637 ⁷
1526 2604 1734 2674 κόσμος
1775 2603 1919 2675 όρῶν

330 2700 636 2771 δυσωπηθῇ
668 2701 769 2753 οὐκ
804 2699 1188 2771 ἐντελλόμενον
1226 2698 1316 2751 διὰ
1356 2697 1655 2769 προσώπου
1700 2715 1919 2769 προφη-

335 2792 471 2854 τῶν,
518 2792 639 2846 ούδέ
673 2792 742 2845 δι’
773 2791 1009 2860 ἀγγέλου
1052 2790 1324 2859 φοδοῦντα
1360 2789 1561 2860 ψυχὴν,
1604 2787 1721 2842 ἀλλ’
1756 2787 1919 2842 αὑτὸν

333 2887 585 2956 παρόντα
628 2885 720 2940 τὸν
757 2884 1116 2954 λελαληκότα.
1158 2883 1361 2937 Τοῦτον
1408 2882 1655 2952 ἐγνωμεν
1678 2882 1741 2933 ὲκ
1773 2880 1919 2951 Παρ-

240 2984 252 2994 ’
334 2978 491 3033 θένου
530 2978 690 3048 σῶμα
730 2977 1065 3047 ἀνειληφότα
1116 2977 1211 3030 καὶ
1241 2975 1333 3029 τὸν
1368 2974 1597 3028 παλαιὸν
1629 2972 1919 3043 ἄνθρωπον

338 3069 431 3123 διὰ
454 3072 647 3139 καινῆς
671 3069 923 3131 πλάσεως
946 3067 1300 3138 πεφορηκότα
1326 3066 1370 3131 ⁸,
1400 3066 1459 3117 ἐν
1495 3063 1596 3134 βίῳ
1619 3063 1707 3116 διὰ
1736 3063 1920 3133 πάσης

331 3160 551 3233 ἡλικίας,
579 3159 899 3231 ἐληλυθότα,
932 3158 1020 3211 ἵνα
1049 3159 1201 3230 πάσῃ
1228 3155 1416 3227 ἡλικίᾳ
1443 3155 1603 3217 αὐτὸς
1628 3155 1791 3225 νόμος
1823 3170 1918 3222 γε·

327 3254 466 3326 νηθῇ
502 3254 597 3308 καὶ
631 3252 834 3308 σκοπὸν
885 3252 980 3307 τὸν
1014 3252 1143 3306 ῖδιον
1176 3250 1467 3321 ἄνθρωπον
1505 3249 1672 3301 πᾶσιν
1700 3245 1918 3318 ἀνθρώ-

2025 2052 2095 2107 Ει
2142 2051 2257 2109 haec
2295 2051 2432 2105 Dens
2466 2049 2616 2120 Logo
2650 2051 2971 2119 imperabat.
3010 2051 3186 2123 L0gus
3216 2064 3394 2109 autem
3430 2054 3621 2122 loque-

2024 2144 2207 2211 batur,
2234 2159 2330 2215 per
2363 2145 2525 2199 verba
2556 2152 2884 2199 convertens
2910 2145 3183 2201 hominem
3206 2146 3274 2201 ab
3297 2147 3619 2201 inohedien-

2026 2239 2139 2301 tia,
2194 2250 2299 2290 non
2361 2237 2413 2289 vi
2471 2236 2817 2291 necessitatis
2862 2238 2914 2291 in
2961 2240 3283 2293 servitutem
3348 2240 3617 2308 redigens,

2023 2329 2117 2382 sed
2147 2329 2214 2382 ad
2244 2329 2551 2383 libertatem
2585 2327 2893 2384 voluntario
2940 2330 3164 2385 c0nsilio
3194 2345 3417 2385 vocans.
3468 2330 3621 2385 Hunc

2025 2420 2232 2492 Lognm
2296 2420 2693 2491 posterioribus
2724 2419 3091 2490 .tcmporibus
3155 2422 3400 2476 mittebat
3437 2420 3618 2490 Pater,

2025 2529 2131 2567 non
2175 2512 2409 2583 amplius
2454 2528 2551 2583 per
2583 2513 2903 2581 prophetam
2962 2512 3103 2580 loqui
3161 2527 3335 2582 neque
3386 2513 3621 2569 obscure

2023 2604 2374 2672 praedicatum
2426 2602 2753 2674 subintelh’gi
2794 2619 2917 2658 eum
2951 2603 3137 2658 volens
3163 2643 3178 2667 ,
3211 2606 3303 2659 sed
3353 2606 3468 2674 ipso
3501 2606 3617 2661 visu

2022 2694 2341 2763 apparuisse
2374 2694 2517 2749 hunc
2550 2694 2693 2759 dico,
2738 2704 2793 2748 ut
2824 2693 3059 2747 mundus
3090 2708 3213 2747 enm
3242 2694 3431 2751 videns
3464 2711 3621 2750 reve-

2026 2796 2243 2843 reretur
2300 2802 2407 2843 non
2453 2803 2554 2857 per
2607 2788 2905 2859 prophetas
2944 2788 3392 2857 praecipientem,
3442 2804 3619 2856 neque

2024 2892 2119 2948 per
2152 2877 2403 2948 angelum
2461 2888 2757 2933 terrentem
2813 2862 3222 2943 animum,sed
3258 2880 3430 2948 ipsum
3479 2897 3616 2949 prte-

2022 2980 2233 3024 sentem
2268 2970 2361 3038 qui
2394 2969 2608 3025 locutus
2638 2979 2742 3025 est.
2781 2968 2937 3026 llunc
2992 2972 3345 3038 c0gnovimus
3376 2988 3442 3026 ex
3494 2971 3618 3025 Vir-

2021 3062 2149 3133 gine
2176 3076 2377 3130 corpus
2406 3061 2771 3129 assumpsisse
2809 3070 2863 3115 et
2908 3073 3147 3117 veterem
3197 3062 3471 3117 hominem
3523 3079 3620 3132 per

2022 3168 2215 3209 novam
2257 3153 2633 3229 formationem
2684 3164 2929 3225 gestasse
2954 3194 2970 3220 ,
3006 3155 3057 3208 in
3092 3155 3196 3207 vita
3230 3169 3327 3224 per
3348 3170 3620 3226 quamque

2022 3256 2241 3302 aetatem
2294 3247 2545 3310 venisse.
2602 3257 2661 3301 ut
2712 3246 2908 3317 cuique
2957 3247 3102 3302 aetati
3162 3247 3278 3316 ipse
3315 3246 3398 3303 lex
3442 3248 3616 3313 fieret,

327 3308 466 3411 πὸιέ
487 3346 732 3418 ἐπιδείξῃ
763 3345 976 3417 παρὼν,
1012 3344 1107 3398 και
1132 3343 1198 3397 δι’
1219 3308 1399 3395 αι’τοῠ·
1418 3339 1635 3413 ἐλέγξῃ,
1659 3340 1743 3394 δτι
1779 3308 1916 3410 μηδὲ

2023 3339 2295 3410 finemque
2320 3354 2480 3395 suum
2508 3308 2787 3409 proprium
2820 3308 3107 3417 hominem
3157 3308 3410 3395 omnibus
3438 3308 3619 3395 homi;

327 3439 585 3509 ἐποίησεν
630 3440 659 3491 δ
685 3439 820 3500 Θεὸς
850 3436 1113 3508 πονηρὸν,
1162 3434 1259 3490 καὶ⁵
1286 3434 1362 3497 ὡς
1394 3431 1623 3499 αὑτεξού
1643 3449 1756 3494 σιος
1784 3433 1812 3485 ὁ
1834 3431 1919 3485 ἀν-

328 3532 548 3604 θρωπος
570 3531 708 3602 ἔχων
723 3531 744 3563 ⁸
769 3529 832 3583 τὸ
852 3528 1027 3583 θέλειν
1050 3527 1143 3583 καὶ
1166 3528 1228 3580 τὸ
1260 3527 1335 3597 μὴ
1367 3524 1564 3591 θέλειν,
1586 3524 1815 3588 δυνατὸς
1840 3521 1917 3576 ῶν

325 3627 386 3677 ἐν
408 3625 769 3694 ἀμφοτέροις·
805 3620 997 3675 τοῦτον
1023 3620 1315 3692 ἄνθρωπον
1340 3620 1382 3650 ¹⁰
1412 3619 1572 3687 ἴσμεν
1602 3615 1712 3690 [ἐκ]
1749 3616 1844 3669 τοῦ
1873 3619 1912 3647 ¹¹

324 3715 449 3769 καθ’
486 3716 636 3785 ἡμᾶς
681 3714 1005 3783 φυράματος
1063 3712 1347 3780 γεγονέναι
1373 3712 1437 3762 ’⁸.
1489 3709 1553 3760 Ei
1598 3708 1708 3778 γὰρ
1741 3707 1816 3777 μὴ
1852 3708 1915 3759 ἐκ

322 3807 417 3860 τοῦ
476 3804 643 3861 αὐτοῦ
690 3803 928 3873 ὑπῆρξε,
977 3803 1157 3873 μάτην
1217 3800 1503 3871 νομοθετεῖ
1534 3799 1576 3829 ¹³
1625 3796 1915 3869 μιμεῖσθαι

296 3902 415 3953 τὸν
460 3896 803 3951 δδάσκαλον.
842 3894 907 3947 El
937 3895 1047 3964 γὰρ
1081 3896 1287 3956 ἐκεῖνος
1318 3894 1347 3945 ό
1394 3891 1684 3962 ἄνθρωπος
1718 3889 1915 3960 ἐτέρας

324 3993 626 4060 ἐτύγχανεν
673 3986 885 4052 οὐσίας,
940 3985 992 4039 τί
1056 3984 1125 4037 τὰ
1173 3985 1337 4055 ὃμοια
1397 3982 1615 4035 κελεύει
1652 3980 1779 4052 ἐμοὶ
1834 3980 1915 4052 τῷ

324 4084 544 4136 ἀσθενεῖ
595 4079 885 4149 πεφυκότι,
939 4076 1190 4139 καὶπῶς
1240 4069 1397 4137 οὗτος
1441 4071 1648 4139 ἀγαθὸς
1705 4071 1800 4125 καὶ
1833 4070 1914 4123 δί-

326 4191 516 4239 καιοςς
563 4174 680 4226 Ἵνα
705 4171 762 4225 δὲ
799 4170 873 4242 μὴ
917 4170 1106 4243 ἔτερος
1151 4171 1283 4241 παρ’
1327 4170 1480 4240 ἡμᾶς
1520 4169 1783 4240 νομισθῇ,
1819 4169 1914 4223 καὶ

325 4265 403 4339 [p.
440 4265 565 4320 558.
603 4262 753 4335 559.]
786 4263 1034 4333 κάματον
1085 4264 1370 4333 ὑπέμεινε,
1412 4263 1508 4316 καὶ
1551 4265 1746 4335 πεινῇν
1781 4262 1911 4333 ἠθέ-

326 4361 477 4431 λησε,
505 4358 602 4411 καὶ¹
627 4357 787 4428 διψῆν
806 4358 849 4389 ⁸⁸
879 4358 978 4410 οὐκ
1001 4356 1301 4427 ἠρνήσατο,
1336 4354 1430 4408 καὶ
1459 4354 1612 4424 ὕπνῳ
1634 4354 1909 4425 ὴρέμησε,

2019 3434 2183 3488 nibus
2220 3433 2535 3488 ostenderet
2568 3448 2835 3503 praesens,
2890 3441 2946 3488 et
2982 3446 3077 3503 per
3124 3432 3485 3503 semetipsum
3520 3448 3614 3486 ar-

2022 3535 2220 3593 gueret
2258 3521 2392 3577 nihil
2439 3522 2637 3579 fecisse
2684 3524 2852 3578 Deum
2888 3522 3011 3576 mali
3038 3564 3054 3587 ,
3096 3538 3151 3578 et
3186 3538 3298 3578 sua:
3332 3526 3619 3594 potestatis

2018 3631 2143 3671 esse
2176 3616 2474 3680 hominem,
2534 3616 2625 3683 qui
2682 3617 2855 3685 possit
2898 3614 3035 3669 velle
3085 3625 3141 3670 et
3184 3614 3359 3681 nolle,
3393 3632 3515 3671 cum
3548 3617 3616 3672 ad

2021 3713 2311 3772 utrumque
2357 3704 2571 3769 valeat;
2626 3705 2769 3759 hunc
2806 3704 3079 3759 hominem
3111 3705 3316 3759 scimus
3342 3722 3409 3760 ex
3433 3715 3615 3761 nostra

2020 3812 2198 3851 massa
2231 3797 2435 3851 factum
2468 3812 2610 3852 esse.
2667 3795 2779 3851 Nisi
2824 3797 2968 3852 enim
3018 3811 3085 3851 ex
3139 3798 3327 3853 eadem
3382 3801 3613 3865 exstitit,
3673 3813 3677 3817 ·

2019 3886 2218 3940 frustra
2251 3886 2424 3955 legent
2463 3886 2567 3939 fert
2607 3885 2852 3939 imitandi
2903 3894 3314 3956 praceptorem.
3362 3888 3417 3942 Si
3466 3889 3614 3942 enim

2020 3976 2110 4033 ille
2141 3977 2305 4032 homo
2333 3976 2474 4033 alius
2522 3976 2661 4032 forte
2709 3983 2829 4032 erat
2876 3978 3237 4044 substantiae,
3284 3994 3381 4033 cur
3416 3979 3643 4033 similia,

2019 4069 2255 4139 imperat
2286 4069 2418 4124 mihi
2454 4068 2618 4124 debili
2657 4078 2805 4134 nato,
2856 4079 2910 4125 et
2946 4073 3217 4139 quomodo
3246 4070 3333 4125 hic
3358 4070 3532 4125 bonus
3559 4080 3616 4125 et

2010 4160 2229 4232 justus?
2254 4161 2332 4216 Ne
2351 4171 2533 4215 autem
2563 4162 2815 4216 diversus
2842 4176 2871 4215 a
2899 4161 3056 4217 nobis
3082 4171 3421 4228 censeretur,
3447 4162 3612 4218 etiam

2017 4254 2257 4310 laborem
2292 4254 2553 4310 sustinuit
2583 4262 2637 4309 et
2662 4253 2867 4327 544-
2892 4254 3054 4327 545
3105 4256 3316 4311 esurire
3348 4255 3517 4310 voluit
3558 4266 3615 4311 et

2017 4346 2173 4401 sitire
2208 4363 2312 4400 non
2344 4346 2616 4401 recusavit
2652 4355 2710 4400 et
2762 4362 2956 4401 somno
3004 4348 3213 4417 quievit
3263 4358 3319 4403 et
3373 4349 3612 4419 passioni

238 4820 243 4823 “
327 4818 421 4873 καὶ
447 4817 511 4871 σὺ
540 4815 569 4872 ὃ
596 4816 773 4872 τούτω
800 4817 1079 4886 παοέσχες
1101 4816 1166 4872 ¹⁷.

326 4452 425 4505 καὶ
475 4450 640 4505 πάθει
674 4452 776 4504 οὐκ
807 4451 1055 4514 ἀντεῖπε,
1087 4448 1180 4502 καὶ
1212 4448 1430 4519 θανάτῳ
1465 4448 1769 4518 ὑπήκουσε,
1817 4447 1915 4501 καὶ

2023 4456 2123 4495 non
2144 4440 2466 4510 repugnavit
2487 4448 2541 4493 et
2565 4439 2726 4493 morti
2752 4441 3151 4510 obtemperavit
3171 4451 3222 4495 et
3258 4442 3614 4524 resurrectio-

324 4543 621 4599 ἀνάστασιν
645 4542 1016 4612 ἐφανέρωσεν,
1042 4539 1431 4614 ἀπαρξάμενος
1455 4540 1512 4592 ἐν
1538 4541 1673 4593 πᾶσι
1701 4539 1913 4602 τούτοις

2023 4549 2140 4588 nem
2202 4531 2615 4597 manifestavit,
2667 4542 2925 4602 tanquam
2963 4534 3235 4602 primitias
3267 4532 3502 4588 offerens
3556 4534 3611 4589 in

323 4638 417 4690 τδν
480 4636 612 4689 ἴδιον
668 4635 979 4707 ἄνθρωπον,
1034 4634 1123 4688 ἵνα
1160 4636 1225 4688 σὺ
1285 4633 1511 4703 πάσχων
1549 4632 1624 4703 μὴ
1671 4632 1911 4704 ἀθυμῇς,

2023 4625 2106 4681 his
2128 4625 2384 4680 omnibus
2401 4624 2681 4694 proprium
2704 4640 2861 4679 suum
2896 4624 3193 4688 hominem,
3220 4633 3278 4677 ut
3306 4633 3362 4677 tu
3395 4625 3612 4693 patiens

322 4726 439 4781 ἀλλ’
492 4726 778 4797 ἄνθρωπον
800 4726 842 4756 ¹⁸
888 4724 1124 4777 σεαυτὸν
1170 4723 1473 4794 ὁμολογῶν,
1530 4723 1838 4794 προσδοκᾷς
1867 4725 1911 4756 ¹⁶

2025 4734 2093 4773 ne
2120 4718 2364 4771 animum
2396 4718 2735 4785 despondeas
2759 4756 2775 4779 ,
2811 4718 2906 4771 sed
2942 4716 3217 4772 hominem
3268 4717 3610 4787 temetipsum

2024 4809 2287 4881 profitcns
2326 4819 2612 4880 exspectes
2645 4818 2699 4864 et
2731 4818 2809 4877 tu,
2858 4825 2977 4879 qua:
3006 4809 3133 4865 huic
3154 4810 3467 4865 exhibuisti.

1615 4990 1852 5045 νΑιιιΑῑ
1891 4988 2298 5045 LECTIONES.

328 5168 603 5242 ἐνεστῶτα
634 5170 732 5224 καὶ
761 5171 830 5223 τὰ
863 5168 1132 5242 μέλλοντα
1150 5166 1595 5242 ἀπαγγείλαντες
1619 5163 1801 5240 (εἷπον
1819 5198 1896 5242 7-
1918 5167 2267 5242 ἀπήγγειλαν
2302 5165 2609 5242 Quamnam
2642 5170 2945 5242 nise.),_.va
2977 5171 3053 5241 μὴ
3084 5172 3246 5241 μόνον
3276 5173 3610 5242 πρόσκαιρος

328 5186 603 5224 ενεστωτα
634 5186 732 5224 και
761 5186 830 5223 τα
863 5186 1124 5240 μέλλοντα
1157 5186 1595 5236 απαγγειλαντες
1622 5186 1801 5240 ιειπον
1827 5198 1896 5209 —-
1918 5186 2267 5291 απτὲγγειλαν
2302 5186 2609 5221 humanum
2642 5186 2821 5237 ntsc.),
2860 5186 2945 5223 .να
2977 5186 3053 5241 μη
3084 5186 3246 5241 μονον
3276 5190 3607 5242 προσκαιρος

324 5236 469 5295 εἷναι
500 5241 851 5313 όνπροφήτης
870 5240 1079 5311 δειχθῇ,
1111 5239 1251 5313 ἀλλά
1279 5241 1374 5313 καί
1402 5239 1607 5313 πάσαις
1638 5241 1852 5313 γενεαῖς
1873 5238 2157 5313 προλ-γων
2174 5238 2244 5313 τὰ
2269 5237 2533 5313 μέλλοντα
2554 5237 2771 5313 ἀληθῶς
2799 5239 2896 5313 (λώς
2926 5242 3119 5313 codd.)
3152 5244 3437 5313 προφήτης
3466 5239 3607 5297 εἶναι

326 5308 617 5390 νομιρθῇέ
661 5308 910 5390 ἠδτὲζιι..
935 5308 1177 5390 scotttts,
1211 5310 1390 5390 63:1),
1424 5308 1498 5390 ξίε
1542 5308 1990 5390 βιιιξβειιίμεηξτι
2016 5308 2509 5390 wo‘rdsworthitts‘.
2588 5309 2608 5340 ³
2638 5308 2859 5390 μένιτά..
2880 5310 2949 5363 τὰ

328 5384 349 5413 ⁸
374 5378 647 5455 καθιστῶν
671 5381 733 5435 C.
807 5384 831 5455 ξ’
857 5383 1053 5455 λέγων,
1088 5381 1157 5455 δι’
1191 5379 1393 5435 αὐτῶν.
1423 5379 1493 5432 δι’
1528 5380 1708 5434 αὐτῶν
1736 5380 1845 5434 τῶν
1873 5380 2049 5455 λόγλων
2094 5379 2418 5455 Βιιιιεειιίιιε.
2442 5378 2654 5455 λέγων,
2685 5378 3018 5455 διὰ-λόγωνῖ
3121 5383 3141 5414 ⁸
3176 5383 3265 5435 ἐπ’
3288 5378 3609 5455 ἐλευθερίαν

326 5451 558 5521 ἑκουσίῳ
586 5452 906 5524 προαιρέσει
930 5448 1022 5524 Ἰὶ.
1050 5522 1056 5524 Α
1089 5454 1332 5524 Scottus,
1360 5467 1526 5519 quem.
1575 5461 1792 5524 secutus
1826 5462 1913 5524 est
1952 5451 2253 5524 Bttnsenins
2276 5448 2412 5524 terr:
2459 5450 2742 5524 ἐλευθερία
2774 5452 3028 5524 ἑκουσίῳ,
3065 5454 3393 5524 προαιρέσει
3427 5448 3500 5517 ϐξ
3534 5455 3605 5510 Μ.

326 5526 344 5555 ⁷
382 5518 770 5601 φανερῶθῆναι
794 5522 981 5601 ⁴εοῦτον
1002 5522 1199 5601 λέγων,
1237 5522 1346 5601 ἵνα.
1366 5518 1795 5601 ςφανερωθῆναι·
1824 5521 2030 5584 τοῦτον,
2069 5521 2230 5601 ιιέγοέ,
2249 5518 2637 5601 ὴ[ἀπέστελλεν
2653 5518 2691 5601 ]_
2715 5522 2800 5575 ἵνα
2838 5518 3145 5601 Ιξυηέειιὶυέ
3181 5518 3249 5601 (ξς
3265 5525 3329 5579 ιι.
3348 5522 3605 5601 _§cot_tu.~,

326 5588 711 5664 φανερωθῆναι
742 5592 929 5646 τοῦτον
963 5588 1128 5662 λέγω,
1161 5593 1291 5645 ῖναῖ
1364 5588 1787 5662 Βπεφορηκότα.
1817 5591 2211 5662 πεφυρηκόταῖ
2248 5588 2537 5657 εἶιιψρίιιε.
2613 5594 2633 5623 '
2654 5588 2826 5661 ἔχων.
2859 5590 2971 5717 έχὲ
3005 5609 3154 5665 susp.
3195 5593 3265 5648 Μ.
3346 5595 3390 5626 ¹⁰
3416 5588 3608 5650 τοῦτον

326 5663 635 5717 ἀνθοωπον.
662 5659 723 5717 οὗ
749 5664 840 5716 τὸν
860 5664 1149 5717 ἄνθρωπον
1182 5664 1244 5717 C.
1274 5662 1438 5717 αὑτὸν
1470 5662 1756 5717 ἄνθρωπον
1806 5663 2107 5717 Roenerus.
2155 5660 2272 5714 υίὺν
2324 5660 2614 5717 ἀνθρώπου
2660 5662 2802 5717 coni.
2840 5662 2905 5716 R.
2976 5676 3153 5717 cottus
3278 5664 3318 5696 “
3353 5667 3515 5717 ἴσμεν
3543 5670 3608 5717 ὲκ

324 5664 635 5742 ἄνθρωπον.
662 5664 723 5745 οὗ
749 5664 840 5716 τὸν
860 5664 1149 5749 ἄνθρωπον
1182 5664 1244 5727 C,
1272 5664 1438 5747 αὑτὸν
1470 5664 1756 5741 ἄνθρωπον
1806 5664 2107 5732 Roeperus,
2155 5664 2272 5714 υίὺν
2324 5664 2626 5742 ἀνθρώπου·
2660 5664 2802 5743 conj.
2840 5664 2905 5716 R.
2931 5664 3153 5747 §cotttt_s
3278 5664 3318 5696 “
3353 5667 3515 5737 ἴσμεν
3543 5670 3608 5720 ἐκ

324 5752 423 5787 του
462 5733 789 5798 Bunsentus,
819 5736 899 5798 εἰς
929 5751 1028 5804 μεν
1056 5751 1147 5789 του
1173 5735 1235 5797 C,
1267 5751 1331 5787 εκ
1366 5732 1463 5802 μὲν
1488 5749 1580 5785 του
1616 5730 1687 5804 Μ,
1718 5732 2036 5804 lioeperus._
2095 5732 2139 5764 "
2165 5731 2482 5804 γεγονέναι.
2510 5731 2867 5804 Lattntsmus.
2892 5750 3001 5804 ntst
3024 5736 3219 5792 scriba
3248 5735 3479 5791 debetur
3510 5754 3607 5803 pro

1134 5801 1432 5884 vapoostsi:
1459 5802 1791 5884 ἐνομοθέτει,
1806 5818 1951 5884 susp.
2162 5801 2410 5884 “.ﬁttpﬁv.
2442 5801 2617 5884 διψεῖν
2647 5803 2707 5857 C.
2766 5874 2777 5884 _
2817 5804 2860 5835 ¹³⁵
2891 5803 3199 5884 ἄνθρωπον.
3232 5801 3605 5884 ἀμάνθρωπον

1074 5877 1116 5907 ⁸⁸
1155 5873 1483 5947 προσδοκᾷς.
1516 5873 1832 5943 προσδοκῶν
1860 5874 1919 5929 C.
2002 5875 2043 5906 '7
2086 5873 2383 5943 παρέσχες.
2420 5874 2604 5943 πατὴρ
2636 5874 2911 5945 παρέσχεν
2953 5873 3287 5942 Bunsenius,
3337 5873 3603 5947 παρέστω

2992 5311 3106 5381 μὲν
3127 5311 3273 5378 susp.
3305 5311 3605 5381 Roeperns.

324 5804 612 5873 γεγονότα.
649 5804 971 5860 Bunsenitts.

325 5874 470 5943 conj.
513 5873 993 5943 Wordsworthius.

328 5942 479 6013 susp.
511 5942 812 6014 Rocperns.
